2588 3876
349 171 482 235 240
853 173 1026 223 ΠΕΡΙ
1062 172 1352 224 ΑΡΘΡΩΝ
1390 172 1749 222 ΕΜΒΟΛΗΣ
1788 173 1855 222 80

350 336 596 418 χειρός,
643 335 728 416 ἥν
774 355 843 397 τε
887 334 961 396 τὸ
1008 344 1275 416 πρῶτον
1321 335 1408 415 ἤν
1452 354 1522 394 τε
1568 333 1642 396 τὸ
1691 332 2009 416 δεύτερον
2052 332 2139 413 ἤν
2186 355 2257 395 τε
2306 332 2388 396 τὸ

350 444 596 524 τρίτον,
645 440 854 515 ωὑτὸς
889 441 1131 523 τρόπος
1166 448 1282 522 τῆς
1338 438 1650 522 ἐμβολῆς·
1698 439 2113 522 χαλεπώτερα
2150 438 2390 519 με’ντοι
2470 516 2481 523 ,

352 545 478 611 αἰεὶ
526 548 605 610 τὰ
661 544 936 630 μέγιστα
990 556 1124 609 τῶν
1179 546 1458 630 ἄρθρων
1513 544 1884 628 ἐμβάλλειν.
1961 542 2255 609 ἐκπίπτει
2309 541 2393 608 δὲ

350 652 670 737 τέσσαρας
724 654 1043 733 τρόπους,
1108 652 1148 735 ἢ
1205 653 1343 715 ἄνω
1404 651 1444 734 ἢ
1501 651 1676 715 κάτω
1734 651 1772 734 ἢ
1834 648 1901 727 ἐς
1959 651 2034 714 τὸ
2094 650 2393 732 πλάγιον

299 785 322 823 5
354 757 795 844 ἑκατέρωθεν,
839 759 1121 840 μάλιστα
1165 758 1288 838 μὲν
1336 756 1403 834 ἐς
1447 758 1521 821 τὸ
1571 759 1739 839 ἄνω,
1785 758 2019 840 ἥκιστα
2067 758 2141 821 δὲ
2187 755 2252 832 ἐς
2302 759 2387 820 τὰ

350 866 625 949 πλάγια,
680 863 755 930 ἐν
799 872 889 952 τῷ
929 865 1191 949 σφόδρα
1235 870 1591 928 κινεῖσθαι.
1666 861 2082 947 ἑκατέρωθεν
2136 864 2211 927 δὲ
2263 872 2389 945 τῆς

352 972 594 1056 χώρης,
641 964 723 1036 οὗ
771 968 1153 1055 ἐκβέβηκεν,
1215 971 1435 1055 ὥσπερ
1484 972 1657 1053 ἄμβη
1716 968 1872 1034 ἐστί.
1954 969 2039 1052 ἢν
2084 970 2207 1049 μὲν
2252 964 2391 1033 ὀῦν

352 1076 420 1154 ἐς
481 1079 556 1143 τὸ
621 1079 757 1141 ἄνω
822 1075 1062 1163 ἐκπέσῃ
1118 1076 1157 1159 ἢ
1215 1075 1282 1153 ἐς
1336 1077 1410 1140 τὸ
1466 1076 1670 1157 κάτω,
1737 1077 1848 1140 διὰ
1902 1076 1975 1139 τὸ
2042 1072 2392 1159 λειοτέρην

353 1179 523 1248 εἶναι
560 1184 809 1266 ταύτην
846 1185 968 1267 τὴν
995 1184 1216 1267 χώρην
1243 1180 1284 1265 ἢ
1315 1181 1386 1246 ἐκ
1427 1194 1561 1247 τῶν
1598 1183 1899 1263 πλαγίων
1936 1180 2045 1245 καὶ
2076 1183 2208 1263 ἄμα
2234 1197 2391 1262 σμι-

274 1316 325 1354 10
352 1298 512 1374 κρῆς
558 1288 794 1371 ἐούσης
838 1298 954 1372 τῆς
1006 1288 1436 1373 ὑπερβάσιος,
1491 1288 1577 1371 ἢν
1629 1297 1912 1373 μεταστῇ
1967 1289 2041 1352 τὸ
2099 1289 2393 1372 ἄρθρον,

355 1397 619 1480 ῥηίδιόν
664 1394 848 1459 ἐστιν
894 1394 1262 1478 ἐμβάλλειν.
1354 1397 1597 1481 τρόπος
1643 1395 1717 1459 δὲ
1761 1403 1879 1477 τῆς
1925 1393 2204 1478 ἐμβολῆς
2239 1394 2392 1458 ὅδε·

352 1500 711 1583 περιελίξαι.
766 1503 885 1565 τὸν
941 1502 1272 1565 δάκτυλον
1336 1502 1544 1586 ἄκρον
1605 1498 1646 1583 ἢ
1712 1498 2102 1582 ἐπιδέσματί
2149 1524 2285 1565 τινι
2346 1501 2393 1585 ἢ

354 1610 531 1695 ἄλλω
587 1610 807 1694 τρόπῳ
868 1608 1147 1694 τοιούτῳ
1196 1611 1359 1688 τινί,
1425 1607 1629 1689 ὅπως,
1693 1605 1943 1671 ὁπόταν
2002 1609 2395 1691 κατατείνῃς

354 1716 562 1799 ἄκρου
602 1716 995 1797 λαβόμενος,
1041 1714 1128 1797 μὴ
1166 1712 1613 1797 ἀπολισθάνῃ·
1663 1714 1825 1778 ὅταν
1873 1713 1947 1777 δὲ
1992 1710 2394 1798 περιελίξῃς,

276 1844 326 1884 15
354 1821 472 1884 τὸν
536 1818 658 1901 μέν
720 1843 870 1884 τινα
935 1818 1372 1903 διαλαβέσθαι
1435 1821 1703 1884 ἄνωθεν
1766 1828 1887 1883 τοῦ
1952 1828 2208 1904 καρποῦ
2271 1828 2397 1901 τῆς

355 1928 596 2011 χειρός,
652 1927 771 1991 τὸν
817 1927 892 1992 δὲ
945 1935 1065 1992 τοῦ
1122 1923 1623 2007 κατειλυμένου·
1700 1927 1922 1991 ἔπειτα
1975 1928 2396 1990 κατατείνειν

355 2033 518 2116 πρὸς
566 2031 814 2098 ἑωυτὸν
859 2032 1273 2116 ἀμφοτέρους
1333 2028 1408 2096 εὖ
1454 2032 1628 2114 μάλα
1672 2033 1781 2097 καὶ
1829 2032 1960 2116 ἄμα
2007 2031 2266 2097 ἀπῶσαι
2313 2033 2393 2096 τὸ

358 2136 697 2222 ἐξεστηκὸς
743 2138 809 2215 ἐς
852 2140 975 2222 τὴν
1021 2122 1258 2223 χώρην.
1334 2139 1418 2222 ἢν
1456 2137 1531 2202 δὲ
1566 2137 1633 2214 ἐς
1668 2140 1748 2202 τὰ
1784 2138 2064 2221 πλάγια,
2111 2148 2228 2221 τῆς
2263 2135 2395 2219 μὲν

357 2244 744 2321 κατατάσιος
790 2244 998 2321 ωὑτὸς
1041 2247 1307 2329 τρόπος
1371 2244 1535 2309 ὅταν
1581 2243 1657 2308 δὲ
1703 2245 1784 2328 δὴ
1832 2245 1994 2329 δοκῇ
2041 2262 2149 2309 σοι
2185 2245 2391 2328 ὑπερ-

278 2378 331 2417 20
356 2349 709 2434 βεβηκέναι
754 2353 877 2435 τὴν
921 2352 1160 2434 ἄμβην,
1217 2351 1350 2434 ἄμα
1405 2351 1526 2434 χρὴ
1574 2354 2081 2427 κατατείναντας
2127 2350 2391 2416 ἀπῶσαι

359 2455 425 2533 ἐς
470 2458 594 2540 τὴν
639 2458 861 2542 χώρην
908 2458 1146 2538 εὐθύς,
1206 2455 1437 2542 ἕτερον
1497 2454 1576 2521 δέ
1629 2479 1781 2520 τινα
1841 2454 1913 2520 ἐκ
1971 2466 2093 2521 τοῦ
2154 2455 2390 2542 ἑτέρου

357 2562 589 2646 μέρεος
644 2571 766 2627 τοῦ
828 2563 1160 2627 δακτύλου
1222 2563 1593 2645 φυλάσσειν
1651 2560 1760 2626 καὶ
1821 2561 2147 2643 ἀνωθεῖν,
2211 2562 2393 2638 ὅπως

501 2779 531 2824 2
563 2772 739 2862 ‹hm-{vc
766 2771 817 2824 V
889 2770 989 2840 μὲν
1017 2789 1117 2840 pro
1148 2769 1339 2840 μέντοι
1357 2771 1477 2825 MV
1587 2777 1619 2824 3
1648 2772 1738 2825 ἀεὶ
1767 2770 1926 2824 codd.
1958 2770 2121 2825 κινέε.
2154 2771 2317 2825 codd.

361 2919 393 2965 4
449 2913 483 2981 ἡ
532 2842 738 2982 ὀφρίῗιά»ι
764 2863 832 2981 ηις
868 2912 1244 2975 ἐπανάστασις
1278 2913 1366 2966 tit.
1407 2912 1465 2965 M
1629 2919 1660 2965 6
1716 2910 1880 2966 κινέε.
1931 2912 2090 2966 codd.
2204 2912 2395 2967 ἑκατε-

362 2982 549 3050 ρωθέν
585 3003 644 3038 τε
681 2983 789 3037 BV
907 2989 936 3037 7
977 2981 1125 3038 ἐστίν
1162 2983 1213 3037 V
1332 2989 1378 3037 9.
1422 2988 1488 3036 10
1525 2990 1725 3051 μικρῆς
1761 2983 1950 3049 codd,
1990 2982 2192 3052 scripsi
2231 3000 2319 3052 σμ.

364 3113 425 3159 11
466 3103 575 3162 ὧδε
612 3107 671 3159 Μ
817 3113 880 3159 12
920 3058 1223 3175 περιελλίξαι
1251 3106 1312 3159 Ὺ
1449 3112 1513 3160 13
1563 3103 1663 3173 ὅκ.,
1701 3106 1782 3160 ὁκ.
1823 3105 1982 3161 codd.
2056 3104 2321 3175 ’κατείνης
2350 3107 2396 3159 Β

434 3183 501 3229 14
546 3175 885 3245 περιελλίξης
919 3177 972 3230 V
1116 3184 1182 3231 16
1228 3180 1506 3246 κατειλυμ.
1545 3176 1701 3242 Wb.,
1749 3175 2189 3246 κατειλημμένου
2228 3177 2393 3231 codd.

469 3265 617 3299 κατω
662 3245 865 3301 τείνειν
904 3248 947 3299 Β
1095 3253 1160 3302 18
1205 3249 1337 3317 post
1388 3248 1672 3317 ἐξεστηκὸς
1717 3248 1845 3301 add.
1894 3247 2118 3315 ἄρθρον
2163 3247 2286 3300 MV

363 3316 492 3382 post
526 3314 735 3383 πλάγια
772 3317 900 3369 add.
948 3319 1096 3387 vulg.
1145 3317 1371 3387 ἐκπέσῃ,
1429 3337 1534 3373 om.
1574 3318 1750 3372 BMV
1816 3361 1826 3366 -
1931 3323 1996 3371 19
2045 3318 2225 3381 ὡυτὸς
2260 3318 2394 3384 ΒΜ,

365 3385 540 3446 ὡυτὸς
574 3384 627 3437 V
771 3385 937 3456 δοκέη
986 3388 1144 3441 codd.
1302 3395 1370 3442 20
1408 3390 1593 3461 ἄμβην
1645 3387 1870 3458 scripsi,
1957 3387 2182 3459 ράμμην
2228 3390 2394 3443 codd.

470 3453 876 3510 κατατείναντα
910 3457 1059 3512 Erm.
1188 3466 1254 3512 22
1373 3480 1473 3527 ρου
1510 3460 1573 3528 Β,
1611 3458 1812 3528 μέρους
1845 3411 1980 3524 MV,
2025 3458 2221 3528 μέρεος
2257 3460 2391 3513 Litt.

368 3539 435 3575 ex
471 3525 593 3577 Par.
633 3524 753 3576 MN
860 3527 1138 3582 ἀνωθέειν
1176 3476 1370 3583 cod?
1449 3528 1527 3585 ὅκ.
1568 3531 1728 3585 codd.
