2588 3876
281 145 366 210 48
1024 142 1199 198 ΠΕΡΙ
1233 140 1490 197 ΑΡΜΩΝ
1528 149 1560 196 2

174 326 280 374 420
309 317 523 394 σχῆμα
559 306 633 373 ἐν
673 308 683 391 Ι
724 307 1096 394 ἀκοντισμῷ
1133 308 1298 372 κατὰ
1336 308 1564 391 φύσιν,
1601 308 1762 373 ἄλλο
1800 304 1860 372 δ’
1906 306 1982 373 ἐν
2018 309 2305 392 σφενδο-

283 420 490 500 νήσει,
542 417 703 479 ἄλλο
753 413 814 480 δ’
866 413 940 480 ἐν
985 417 1444 498 λιθοβολήσει,
1500 417 1660 480 ἄλλο
1708 413 1783 480 ἐν
1826 424 2084 500 πυγμῇ,
2140 416 2304 480 ἄλλο

283 522 359 589 ἐν
404 529 495 610 τῷ
541 521 848 587 ἐλινύειν.
922 522 1166 597 ὁπόσας
1211 520 1269 586 δ’
1318 523 1402 586 ἄν
1436 545 1537 598 τις
1572 521 1803 606 τέχνας
1839 520 2182 607 ἐρευνήσῃ,
2222 521 2305 586 οὐ

282 630 358 694 τὸ
408 630 567 695 αὐτὸ
616 639 829 713 σχῆμα
873 640 1007 693 τῶν
1052 640 1293 714 χειρῶν
1337 630 1501 693 κατὰ
1547 630 1759 713 φύσιν
1802 626 1986 695 ἐστὶν
2021 627 2193 713 [καὶ]
2231 627 2311 694 ἐν

231 762 257 801 ⁶
286 736 518 822 ἑκάστῃ
565 747 700 800 τῶν
743 734 1045 819 τεχνέων,
1092 735 1259 800 ἀλλὰ
1303 735 1469 818 πρὸς
1513 736 1587 800 τὸ
1635 736 1943 821 ἄρμενον,
1989 736 2025 801 ὃ
2073 734 2158 800 ἂν
2194 739 2308 821 ἔχῃ

283 843 571 926 ἕκαστος,
617 839 728 906 καὶ
773 843 940 926 πρὸς
976 843 1049 906 τὸ
1096 837 1317 927 ἔργον,
1365 842 1401 907 ὃ
1449 841 1533 907 ἀν
1569 841 2071 908 ἐπιτελέσασθαι
2116 841 2309 928 θέλῃ,

284 953 783 1034 σχηματίζονται
812 950 878 1013 αὶ
907 961 1135 1034 χεῖρες.
1182 947 1449 1032 τοξικὴν
1475 949 1552 1014 δὲ
1573 949 1876 1014 ἀσκέοντι
1906 951 2081 1026 εἰκὸς
2106 959 2308 1014 τοῦτο

282 1057 356 1121 τὸ
404 1066 616 1140 σχῆμα
660 1056 1016 1141 κράτιστον
1062 1051 1233 1121 εἶναι
1279 1065 1395 1140 τῆς
1442 1054 1661 1142 ἑτέρης
1704 1059 1950 1143 χειρός·
2011 1065 2133 1122 τοῦ
2179 1057 2311 1141 γὰρ

284 1166 639 1249 βραχίονος
663 1163 737 1228 τὸ
768 1159 1267 1247 γιγγλυμοειδὲς
1303 1162 1379 1229 ἐν
1403 1173 1481 1249 τῇ
1510 1174 1630 1228 τοῦ
1658 1168 1896 1249 πήχεος
1921 1164 2208 1247 βαθμίδι
2236 1163 2314 1228 ἐν

207 1294 259 1334 ιο
285 1272 499 1358 τούτῳ
523 1278 615 1358 τῷ
643 1273 917 1355 σχήματι
943 1269 1204 1356 ἑρεῖὸον
1229 1272 1562 1357 ἱθυωρίήν
1583 1281 1762 1337 ποιεῖ
1782 1282 1998 1337 τοῖσιν
2021 1270 2312 1335 ὀστέοισι

285 1386 405 1442 τοῦ
441 1381 683 1461 πήχεος
717 1375 826 1441 καὶ
864 1385 984 1441 τοῦ
1013 1378 1390 1461 βραχίονος,
1428 1378 1517 1454 ὡς
1554 1378 1611 1441 εἰ
1648 1377 1724 1442 ἓν
1759 1383 1860 1460 εἴη
1896 1378 1969 1442 τὸ
2006 1387 2162 1460 πᾶν,
2197 1378 2310 1442 καὶ

285 1485 326 1567 ἡ
365 1484 722 1559 ἀνάκλασις
765 1492 885 1548 τοῦ
925 1485 1188 1569 ἄρθρου
1227 1482 1484 1549 τέταται
1521 1482 1597 1549 ἐν
1631 1484 1846 1572 τούτῳ
1880 1491 1972 1572 τῷ
2011 1487 2313 1568 σχήματι.

288 1592 460 1668 εἰκὸς
499 1585 626 1656 οὖν
652 1590 872 1666 ,οὕτως
900 1589 1399 1675 ἀκαμπτότατόν
1425 1614 1495 1656 τε
1521 1590 1632 1656 καὶ
1659 1591 2107 1656 τετανώτατον
2134 1586 2312 1656 εἶναι

286 1699 360 1763 τὸ
398 1701 647 1784 χωρίον
682 1695 792 1762 καὶ
828 1699 915 1781 μὴ
958 1697 1290 1781 ἡσσᾶσθαι
1326 1694 1492 1782 μηδὲ
1529 1699 1920 1763 συνὸιὸόναι
1956 1696 2314 1782 ἑλκομένης

179 1818 283 1866 422
312 1814 428 1888 τῆς
480 1816 722 1890 νευρῆς
773 1805 905 1871 ὑπὸ
952 1814 1067 1888 τῆς
1126 1802 1343 1888 δεξιῆς
1387 1807 1631 1890 χειρός·
1690 1803 1698 1891 Ι
1756 1803 1866 1869 καὶ
1929 1804 2139 1881 οὕτως
2199 1803 2312 1870 ἐπὶ

98 1974 105 1981 ,
207 1936 259 1975 16
285 1916 597 1977 πλεῖστον
641 1911 764 1993 μὲν
808 1911 932 1996 τὴν
976 1912 1226 1995 νευρὴν
1271 1910 1552 1995 ἑλκύσει,
1596 1910 1839 1996 ἀφήσει
1885 1912 1961 1977 δὲ
1999 1910 2128 1977 ἀπὸ
2166 1927 2313 1977 στε-

289 2019 618 2103 ρεωτάτου
691 2016 801 2082 καὶ
864 2017 1329 2103 ἀθροωτάτου·
1402 2018 1529 2083 ἀπὸ
1601 2029 1736 2083 τῶν
1797 2019 2120 2085 τοιούτων
2182 2020 2311 2105 γὰρ

287 2124 585 2209 ἀφεσίων
627 2135 763 2189 τῶν
806 2121 1223 2208 τοξευμάτων
1266 2136 1520 2209 ταχεῖαι
1562 2124 1674 2190 καὶ
1721 2127 1788 2190 αὶ
1828 2126 2048 2211 ἰσχύες
2081 2125 2193 2191 καὶ
2229 2127 2315 2190 τὰ

288 2235 494 2315 μήκεα
537 2233 805 2314 γίνεται.
897 2230 1183 2296 ἐπιὸέσει
1241 2228 1316 2297 δὲ
1369 2230 1480 2296 καὶ
1533 2230 1755 2318 τοξικῇ
1811 2233 2013 2298 οὐδὲν
2060 2235 2314 2299 κοινόν.

208 2362 261 2403 20
287 2347 483 2403 τοῦτο
547 2335 670 2421 μὲν
732 2340 889 2425 γάρ,
952 2339 1012 2403 εἰ
1077 2336 1393 2422 ἐπιδήσας
1445 2336 1622 2423 ἔχειν
1672 2341 1797 2423 τὴν
1854 2351 2040 2425 χεῖρα
2100 2340 2315 2418 οὕτως

434 2537 462 2584 1
511 2528 566 2587 δ’
610 2548 714 2585 om.
762 2531 807 2584 Β
918 2530 1280 2601 σφενδόνηισι
1328 2531 1413 2599 Μ,
1463 2550 1650 2602 -νησιν
1688 2531 1739 2586 V
1881 2539 1912 2586 2
1959 2533 2315 2605 λιθοβολήσει

288 2602 351 2669 Β,
380 2600 619 2674 -βόληισι
638 2602 713 2671 Μ,
742 2601 993 2674 -βόλησιν
1014 2602 1081 2669 V,
1109 2601 1387 2675 -βολίῃσιν
1413 2603 1560 2673 vulg.
1711 2609 1741 2656 3
1770 2604 1871 2659 έλλ.
1892 2604 1944 2657 V
2016 2603 2097 2659 ὁκ.
2129 2605 2313 2672 codd„

290 2671 461 2728 ὁκόσα
499 2678 549 2765 §lg
585 2691 653 2727 ss.
693 2692 765 2727 m.
804 2677 857 2743 3)
894 2674 939 2726 B
1014 2671 1167 2743 εὕροι
1205 2674 1266 2729 ἐν
1302 2665 1431 2746 ᾖσιν
1470 2673 1649 2740 codd„
1688 2674 1886 2744 scripsi
1922 2675 2189 2745 ἐρευνήση

291 2751 430 2798 3-5
467 2763 638 2814 ευροι,
677 2744 891 2800 έννοέοι
929 2746 996 2799 οὐ
1020 2747 1086 2799 τὸ
1113 2767 1166 2799 α.
1198 2762 1277 2816 σχ.
1308 2766 1353 2799 τ.
1383 2767 1432 2817 χ.
1463 2767 1512 2801 κ.
1543 2766 1602 2815 φ.
1634 2740 1780 2802 εἶναι
1809 2746 1870 2799 ἐν
1899 2746 1974 2801 ἑκ.
2005 2767 2052 2800 τ.
2080 2768 2124 2801 τ.
2156 2731 2316 2815 Litt„

292 2814 555 2885 ἐννοήση,
605 2815 759 2885 εὕροι
800 2813 873 2871 ἂν
912 2813 995 2871 ὅτι
1033 2817 1099 2871 οὐ
1136 2817 1199 2871 τὸ
1237 2838 1291 2870 α.
1329 2834 1412 2888 σχ.
1451 2837 1495 2870 τ.
1535 2837 1584 2887 χ.
1624 2838 1672 2870 κ.
1714 2837 1774 2886 φ.
1813 2818 1927 2872 ἐστι
1964 2818 2024 2874 ἐν
2062 2818 2139 2873 ἑκ.
2176 2839 2222 2872 τ.
2265 2839 2314 2873 τ.

290 2887 467 2952 Erm.;
495 2872 592 2955 Pq.
614 2885 760 2940 nihil
786 2889 971 2942 mutat
996 2888 1107 2941 nisi
1136 2888 1288 2956 quod
1314 2890 1524 2957 puncto
1552 2889 1682 2957 post
1708 2886 1856 2943 ἐστίν
1883 2889 2068 2958 posito
2089 2905 2157 2942 ex
2175 2890 2321 2945 ἀλλὰ

290 2957 432 3012 facit
449 2957 610 3012 ἄλλοις
641 2958 782 3013 duas
810 2959 986 3029 igitur
1006 2958 1309 3029 distinguit
1337 2959 1660 3026 sententiae,
1690 2976 1928 3027 quarum
1953 2961 2198 3029 priorem
2220 2977 2317 3015 ex-

293 3028 686 3083 clamationem
714 3045 833 3084 esse
860 3029 993 3083 vult.
1086 3029 1315 3100 χειρέων
1343 3029 1520 3096 codd„
1550 3039 1689 3099 -ρῶν
1716 3029 1814 3098 Pq.
1960 3037 1991 3084 6
2021 3028 2093 3100 ἢν
2121 3031 2211 3100 ΒῙ,
2242 3050 2317 3088 se.

292 3097 366 3156 ἂν
393 3099 468 3152 Β8
611 3106 642 3153 8
682 3109 847 3155 τοῦτο
883 3117 984 3170 pro
1020 3111 1121 3155 τοῦ
1157 3101 1277 3155 MV
1421 3107 1452 3154 9
1498 3101 1875 3172 γιγλυμοειὸὲς
1908 3102 2035 3170 MV,
2075 3103 2322 3157 alterum

293 3193 325 3241 γ
356 3188 423 3225 εει.
455 3171 578 3225 ead.
606 3190 678 3225 m.
708 3171 754 3224 B
852 3171 933 3239 πή
970 3192 1072 3234 εως
1096 3173 1191 3226 hio
1220 3173 1279 3226 ot
1308 3178 1372 3226 11
1403 3170 1463 3225 Μ
1491 3175 1550 3226 et
1575 3175 1641 3226 ut
1668 3172 1811 3228 solet
1837 3172 1889 3227 V
2031 3173 2320 3245 βαθμήδει

293 3242 338 3295 Β
485 3248 551 3296 10
596 3242 800 3298 τουτέω
838 3260 903 3297 oo
946 3244 997 3297 d.
1107 3243 1288 3299 ποιέει
1323 3243 1395 3310 Β,
1438 3240 1577 3300 -έειν
1614 3243 1735 3297 MV
1841 3245 2086 3317 τοῖσι(ν’)
2124 3245 2170 3298 Β

297 3318 361 3366 11
400 3314 451 3368 εἰ
487 3330 592 3367 om.
633 3297 854 3380 B¹Mv‚
903 3315 1031 3368 add.
1070 3314 1144 3367 B⁸
1252 3313 1400 3383 ἐνείη
1438 3315 1489 3369 V
1646 3321 1712 3368 12
1757 3319 2029 3370 mwom
2063 3316 2138 3369 131
2173 3319 2319 3372 mut.

292 3384 354 3437 in
390 3383 699 3439 κέκλασθαι
733 3385 822 3452 Βῧ,
859 3383 1152 3441 κέκλασται
1189 3385 1326 3454 MV,
1356 3386 1554 3455 scripsi
1579 3385 1803 3441 τέταται
1907 3386 2113 3460 τουτέῳ
2151 3388 2317 3441 codd.

440 3461 506 3509 14
543 3455 615 3525 μὴ
646 3456 708 3510 δὲ
736 3456 889 3521 ξυνδ.
928 3456 978 3510 V
1123 3462 1187 3511 17
1223 3456 1522 3513 τοιουτέων
1561 3458 1721 3512 codd.
1868 3463 1933 3511 19
1969 3456 2218 3528 γίγνεται
2251 3459 2319 3525 Β,

295 3525 547 3597 γίνονται
583 3526 633 3580 V
777 3533 845 3581 20
880 3537 981 3582 τοῦ
1016 3545 1116 3596 pro
1153 3535 1315 3583 τοῦτο
1353 3528 1471 3582 MV
1565 3529 1615 3583 εἰ
1652 3546 1756 3583 om.
1797 3529 1916 3583 MV
2014 3530 2157 3584 οὕτω
2195 3530 2322 3585 MV
