2588 3876
305 145 433 208 100
960 148 1133 197 ΠΕΡΙ
1169 146 1428 197 ΑΓΜΩΝ
1467 148 1552 199 35.
1582 149 1651 197 36

201 324 305 373 538
330 325 569 393 ρουσιν
612 305 723 372 καὶ
769 307 1006 391 φύσιες
1052 310 1319 390 φυσίων
1353 317 1489 372 τῶν
1526 306 1843 391 σωμάτων
1880 304 1949 382 ἐς
1985 306 2338 391 εὐφορίην.

305 413 607 499 διαφέρει
663 414 737 494 δὲ
782 411 948 498 μέγα
1000 412 1112 478 καὶ
1158 412 1242 496 ἢν
1297 415 1424 478 ἔσω
1469 421 1591 478 τοῦ
1645 415 2001 497 βραχίονος
2045 412 2158 479 καὶ
2203 423 2336 479 τοῦ

303 530 518 606 μηροῦ
565 521 646 585 τὰ
692 518 886 585 ὀστέα
921 517 1133 605 ἐξέχῃ·
1179 518 1421 585 πολλαὶ
1458 520 1583 604 γὰρ
1621 518 1733 585 καὶ
1768 517 2099 604 ἐπίκαιροι
2134 544 2338 585 κατα-

303 628 521 704 τάσιες
575 629 846 711 φλεβῶν
898 624 974 692 ἐν
1018 634 1109 715 τῷ
1157 629 1285 691 ἔσω
1332 624 1545 711 μέρει,
1600 621 1695 691 ὧν
1749 623 1923 691 ἔνιαι
1975 631 2340 713 τιτρωσκό-

251 760 276 800 5
304 758 495 818 μεναι
559 734 844 818 σφάγιαί
893 735 1088 798 εἰσιν·
1153 732 1325 798 εἰσὶν
1380 733 1455 797 δὲ
1507 731 1618 799 καὶ
1672 730 1749 798 ἐν
1807 741 1902 822 τῷ
1941 731 2066 811 ἔξω
2121 732 2338 819 μέρει,-

304 836 516 925 ἦσσον
564 839 653 905 δέ.
742 837 818 905 ἐν
870 849 1086 905 τοῖσιν
1140 834 1267 906 οὖν
1321 841 1729 905 τοιούτοισιν
1782 841 2117 925 τρώμασιν
2170 843 2344 917 τοὺς

306 944 429 1031 μὲν
473 947 834 1023 κινὸύνους
879 946 961 1012 οὐ
1008 948 1131 1031 χρὴ
1178 948 1437 1030 λήθειν,
1484 946 1710 1012 ὁποῖοί
1749 945 1926 1023 τινές
1971 948 2162 1030 εἰσιν,
2217 946 2342 1012 καὶ

305 1053 656 1139 προλέγειν
710 1054 832 1138 χρὴ
886 1053 1056 1137 πρὸς
1107 1055 1264 1129 τοὺς
1310 1054 1599 1137 καιρούς.
1691 1054 1751 1118 εἰ
1806 1049 1881 1118 δὲ
1935 1052 2340 1137 ἀναγκάζοιο

306 1158 429 1245 μὲν
472 1159 844 1245 ἐμβάλλειν,
889 1158 1174 1239 ἐλπίζοις
1218 1156 1293 1224 δὲ
1339 1158 1710 1244 ἐμβάλλειν,
1756 1159 1867 1225 καὶ
1912 1161 1999 1245 μὴ
2035 1162 2247 1244 πολλὴ
2295 1162 2346 1245 ἡ

230 1295 282 1334 10
310 1265 712 1354 παράλλαξις
757 1272 858 1350 εἴη
903 1274 1023 1331 τοῦ
1071 1265 1305 1333 ὀστέου
1352 1265 1463 1331 καὶ
1498 1267 1586 1351 μὴ
1623 1267 2232 1351 συνδεδραμήκοιεν
2269 1269 2351 1333 οἱ

307 1376 469 1459 μύες
522 1412 609 1420 -
666 1371 979 1458 φιλέουσι
1032 1374 1157 1457 γὰρ
1213 1379 1501 1438 συνθεῖν
1554 1410 1663 1456 -,
1726 1372 1768 1456 ἡ
1818 1376 2191 1458 μόχλευσις,
2221 1374 2349 1440 καὶ

307 1482 603 1546 τούτοισι
647 1481 808 1563 μετὰ
852 1489 966 1564 τῆς
1009 1480 1401 1556 κατατάσιος
1445 1474 1521 1545 εὖ
1567 1477 1654 1544 ἄν
1693 1480 2246 1564 συλλαμβάνοιτο.
2307 1541 2310 1546 .

443 1588 546 1651 36.
586 1584 1038 1670 Ἐμβάλλοντα
1073 1583 1150 1651 δὲ
1185 1585 1544 1671 ἐλλέβορον
1588 1588 1938 1670 μαλθακὸν
1975 1596 2162 1652 πῖσαι
2207 1591 2347 1674 χρὴ

311 1695 719 1778 αὐθημερόν,
780 1692 865 1777 ἢν
920 1694 1309 1778 αὐθημερὸν
1362 1692 1693 1779 ἐμβληθῇ·
1741 1695 1814 1763 4εἰ
1870 1689 1944 1758 δὲ
2002 1696 2120 1778 μή,
2177 1693 2341 1759 οὐδ’

228 1826 295 1867 16:
310 1800 631 1887 ἐγχειρεῖν
685 1802 826 1886 χρή.
916 1802 991 1866 τὸ
1048 1797 1124 1866 δὲ
1178 1798 1367 1877 ἕλκος
1423 1801 1752 1886 ἰητρεύειν
1805 1803 1956 1885 χρή,
2016 1793 2156 1865 οἷσί
2207 1822 2350 1886 περ

310 1914 599 1994 κεφαλῆς
636 1905 830 1974 ὀστέα
865 1908 1275 1992 κατεηγυίης,
1322 1905 1433 1973 καὶ
1477 1909 1742 1993 ψυχρὸν
1786 1903 1995 1992 μηδὲν
2021 1907 2352 1993 προσφέ-

313 2039 476 2101 ρειν,
505 2017 720 2080 σιτίου
760 2011 835 2080 δὲ
870 2023 1177 2099 στερῆσαι
1212 2014 1473 2092 τελέως·
1510 2013 1619 2080 καὶ
1657 2014 1742 2098 ἣν
1778 2012 1901 2099 μὲν
1937 2017 2353 2100 πικρόχολος

314 2122 514 2206 φύσει
569 2113 631 2207 ᾗ,
692 2119 1024 2205 ὀξύγλυκυ
1081 2121 1327 2198 εὐῶδες
1382 2122 1617 2205 ὀλίγον
1669 2119 1777 2187 ἐπὶ
1831 2122 2014 2207 ὕδωρ
2073 2120 2354 2187 ἐπιστά-

316 2230 508 2306 ζοντα
551 2228 764 2315 τούτῳ
803 2229 1089 2292 διαιτᾶν·
1144 2226 1230 2310 ἢν
1266 2224 1342 2293 δὲ
1387 2230 1474 2312 μὴ
1521 2231 1917 2314 πικρόχολος
1961 2221 2033 2315 ᾗ,
2085 2227 2287 2293 ὕδατι
2338 2226 2349 2316 Ι

209 2351 313 2400 540
328 2337 576 2418 πόματι
611 2341 923 2420 χρῆσθαι·
968 2332 1079 2399 καὶ
1115 2333 1200 2418 ἢν
1235 2331 1359 2419 μὲν
1394 2338 1756 2419 πυρεταίνῃ
1803 2334 2146 2419 συνεχέως,
2188 2351 2354 2400 τεσ-

235 2469 286 2508 21
317 2441 790 2527 σαρεσκαίὸεκα
847 2440 1090 2525 ἡμέρας
1143 2441 1218 2506 τὸ
1276 2439 1623 2526 ἐλάχιστον
1679 2441 1874 2506 οὕτω
1905 2442 2186 2524 διαιτᾶν,
2256 2441 2359 2525 ἢν

462 2676 489 2723 1
532 2670 611 2733 εἰς
646 2668 766 2722 MV
901 2675 931 2722 2
969 2665 1041 2736 ἢν
1079 2685 1182 2723 om.
1212 2668 1304 2735 B¹.‚
1342 2669 1443 2722 sed
1479 2666 1644 2722 noel*
1613 2690 1684 2738 ην
1719 2669 1755 2722 i.
1785 2688 1855 2723 m.
1887 2668 1961 2723 13²
2096 2675 2127 2722 3
2165 2667 2362 2761 ἐξέχει

316 2740 362 2793 Β
453 2742 551 2795 καὶ
582 2757 694 2794 om.
724 2740 814 2809 131,
853 2757 922 2795 ss.
952 2740 1026 2793 B²
1169 2744 1201 2792 ὅ
1239 2740 1344 2794 εἰσὶ
1385 2740 1504 2793 MV
1613 2690 1680 2793 ηδ
1715 2749 1860 2795 τοῖσι
1895 2740 1955 2793 Μ
2038 2741 2363 2796 τοιούτοισι

316 2813 560 2880 τρώμασι
597 2811 717 2864 MV
860 2817 890 2864 7
943 2810 1025 2866 ὁκ.
1064 2811 1182 2864 MV
1335 2817 1368 2864 8
1419 2812 1531 2865 ἀνα
1533 2810 1755 2880 γκάζοις
1790 2811 1861 2877 Β,
1910 2810 2095 2875 -κάζοι
2131 2810 2161 2864 ὁ
2199 2811 2361 2881 MV,

320 2880 535 2946 -κάζοιο
564 2882 712 2973 vulg.
858 2883 1029 2952 9μὲν
1059 2882 1314 2953 ἐμβαλεῖν
1343 2882 1462 2935 MV
1543 2882 1651 2951 μὴν
1678 2899 1778 2952 pro
1809 2882 1880 2951 μὴ
1908 2882 1999 2949 ΒῙ,
2028 2900 2163 2937 corr.
2192 2882 2275 2935 B⁸

321 2958 388 3005 10
426 2952 516 3021 ἠει
551 2953 615 3020 Β,
725 2953 859 3020 MV,
909 2954 993 3024 εἴη
1031 2954 1150 3007 cod.
1184 2952 1302 3007 δον.
1333 2956 1391 3006 et
1417 2952 1576 3007 Voss.
1615 2954 1747 3007 Litt.
1786 2953 1933 3008 Erm.
2007 2955 2161 3019 ξυνδ.
2201 2953 2364 3023 MV,

320 2974 798 3093 ξυνὸεὸραμηκοσι
831 2997 922 3092 1’31,
959 3027 1096 3077 mut.
1135 3025 1195 3077 in
1231 3041 1389 3078 -κασι
1507 3030 1571 3078 11
1611 3025 1835 3089 ξυνδεῖν
1872 3024 1993 3089 MV
2107 3030 2171 3077 12
2210 3029 2365 3095 post

319 3093 777 3220 ἷόξτὲᾶὲηέατὰ
784 3103 919 3237 eff}
938 3095 1433 3233 lsseolzetigtzssff?
1468 3095 1536 3219 sBS.
1573 3097 1768 3234 πιξυέξ,
1802 3096 2043 3259 {aglom
2068 3095 2238 3220 ΙΙῖἰέμ
2200 3044 2365 3168 ἔβα-

324 3242 391 3290 15
428 3236 608 3307 ἐγχειρ
611 3235 722 3292 έειν
760 3237 918 3290 codd.
994 3235 1084 3306 οἴη
1119 3256 1224 3305 περ
1262 3236 1383 3291 MV
1536 3244 1603 3291 16
1638 3239 1920 3327 κατηγύης
1954 3238 2070 3291 ΒΜ
2154 3238 2363 3328 μηθὲν

322 3306 430 3360 BV
536 3306 899 3375 προσφερέειν
935 3307 987 3361 V
1129 3258 1224 3362 179
1243 3306 1431 3363 σιτίων
1468 3308 1527 3361 Μ
1635 3307 1705 3378 ἢν
1742 3310 1816 3380 μὴ
1852 3328 2046 3379 πικρ..
2166 3307 2242 3378 ἢν
2282 3311 2364 3367 δὲ

204 3436 209 3441 ,
274 3442 283 3451 κ
323 3377 420 3432 καὶ
455 3396 607 3444 πικρ.
647 3377 766 3430 MV
801 3378 1070 3432 Artemid.
1101 3378 1261 3449 Cap„
1309 3396 1478 3447 quam
1513 3380 1898 3436 inversionem
1923 3380 2179 3438 confutat
2218 3380 2360 3437 Gal.

272 3468 283 3513 2
326 3465 520 3502 comm.
544 3452 647 3500 608
759 3453 822 3502 19
850 3448 1054 3523 τουτέφ
1073 3451 1232 3503 codd.
1308 3451 1405 3504 καὶ
1431 3468 1533 3521 pro
1558 3452 1703 3521 μὴῩ
1773 3451 1980 3516 vamos-
1998 3452 2120 3506 Gal.
2143 3469 2361 3507 comm

468 3524 537 3572 20
574 3519 658 3588 ξ(σ
684 3518 958 3592 Β)υνεχῶς
994 3504 1171 3586 codd„
1211 3521 1412 3590 scripsi
1449 3521 1576 3585 -έως
1719 3529 1783 3577 21
1823 3522 2053 3594 ἡμέραις
2087 3523 2210 3577 MV
