2588 3876
985 117 1160 166 ΠΕΡΙ
1194 115 1450 167 ΑΓΜΩΝ
1490 119 1555 167 13
1797 89 1802 94 ’
2196 114 2277 177 67
2338 143 2343 149 -

250 273 368 342 ὁτὲ
415 273 541 361 μὲν
584 279 715 341 σὺν
751 282 829 362 τῇ
866 274 1176 360 ἐπιφύσει
1222 275 1564 362 ἀμφότερα
1607 278 1687 342 τὰ
1726 275 1936 361 ὀστέα,
1985 277 2092 342 ὁτὲ
2129 276 2203 342 δὲ
2238 277 2280 359 ἡ

248 383 576 467 ἐπίφυσις
621 381 924 467 ἐκινήθη,
971 383 1078 448 ὁτὲ
1124 384 1198 449 δὲ
1242 386 1317 449 τὸ
1365 383 1592 471 ἕτερον
1635 382 1883 449 ὀστέον.
1955 392 2160 449 ταῦτα
2207 383 2282 447 δὲ

249 491 554 574 ὀχλώδεα
599 491 722 574 μὲν
775 485 984 573 ἧσσον
1028 489 1068 573 ἢ
1115 491 1195 555 τὰ
1240 489 1316 556 ἐν
1359 499 1450 580 τῷ
1493 491 1502 575 Ι
1551 499 1778 579 καρπῷ
1824 501 1958 556 τῶν
2003 500 2262 576 χειρῶν,
2280 506 2385 554 462

251 599 314 662 εἰ
342 602 637 685 τολμῷεν
674 596 980 683 ἀτρεμεῖν
1016 599 1080 662 οὶ
1118 597 1496 683 ἅνθρωποι·
1545 599 1717 682 ἴησις
1755 598 1830 663 δὲ
1856 600 2278 683 παραπλησίη

249 704 363 787 οἴη
423 725 545 790 περ
602 702 901 769 ἐκείνων·
957 707 1079 789 τήν
1123 727 1192 769 τε
1247 705 1374 791 γὰρ
1430 703 1719 789 ἐμβολὴν
1764 706 1885 790 χρὴ
1937 710 2277 769 ποιεῖσθαι
2333 727 2357 767 5

248 809 328 876 ἐκ
385 812 773 887 κατατάσιος
826 812 1045 896 ὥσπερ
1103 809 1398 894 ἐκείνων,
1456 811 1879 897 ἱσχυροτέρης
1936 811 2011 876 δὲ
2071 812 2281 876 δεῖται

247 927 368 1001 τῆς
414 918 830 1001 κατατάσιος,
887 917 1020 1004 ὅσῳ
1065 916 1176 982 καὶ
1225 919 1659 1004 ἰσχυρότερον
1701 918 1776 982 τὸ
1825 929 2010 1003 σῶμα
2056 918 2278 1002 ταύτῃ.

248 1023 322 1100 ἐς
368 1025 450 1088 τὰ
496 1027 769 1088 πλεῖστα
822 1023 946 1109 μὲν
990 1024 1115 1108 γὰρ
1173 1023 1529 1109 ἄρκέουσιν
1580 1025 1816 1109 ἄνδρες
1862 1025 2018 1107 δύο,
2076 1024 2110 1089 ὁ
2157 1020 2280 1107 μὲν

247 1129 461 1195 ἔνθεν
507 1129 543 1195 ὁ
583 1130 657 1195 δὲ
692 1127 896 1196 ἔνθεν
931 1133 1276 1207 τείνοντες.
1349 1129 1432 1214 ἢν
1471 1131 1546 1196 δὲ
1581 1132 1668 1215 μὴ
1710 1131 2049 1214 ίσχύωσιν,
2098 1131 2279 1214 ἰσχυ-

247 1235 539 1322 ροτέρην
599 1237 863 1321 ῥηίὸιόν
921 1235 1105 1302 ἐστιν
1163 1248 1380 1302 ποιεῖν
1436 1238 1557 1321 τὴν
1615 1238 1994 1302 κατάτασιν·
2052 1235 2092 1320 ἢ
2150 1239 2274 1322 γὰρ
2307 1263 2357 1300 10

246 1345 568 1427 πλήμνην
594 1340 1041 1428 κατορύξαντα
1078 1345 1222 1429 χρὴ,
1251 1344 1291 1427 ἢ
1329 1345 1490 1408 ἄλλο
1520 1367 1583 1407 τι
1621 1343 1656 1408 ὅ
1694 1367 1757 1409 τι
1797 1345 2009 1431 τούτῳ
2038 1340 2275 1427 ἔοικεν,

245 1451 609 1533 μαλθακόν
642 1473 706 1514 τι
742 1448 894 1534 περὶ
930 1451 1051 1514 τὸν
1085 1451 1258 1514 πόδα
1296 1452 1698 1534 περιβαλεῖν,
1743 1447 1966 1514 ἔπειτα
2001 1449 2277 1515 πλατέσι

241 1556 581 1638 βοείοισιν
627 1557 852 1641 ἱμᾶσιν
896 1558 1343 1641 περιδήσαντα
1386 1557 1505 1620 τὸν
1545 1557 1721 1620 πόδα
1755 1557 1868 1633 τὰς
1906 1556 2106 1642 ἀρχᾶς
2142 1568 2276 1621 τῶν

244 1663 550 1746 ἱμάντων
602 1664 767 1747 πρὸς
820 1662 1074 1749 ὕπερον
1127 1663 1167 1747 ἢ
1221 1664 1386 1747 πρὸς
1445 1661 1671 1747 ἕτερον
1726 1660 1928 1739 ξύλον
1988 1664 2275 1747 προσδή-

243 1786 463 1833 σαντα
524 1770 598 1834 τὸ
663 1769 864 1847 ξύλον
926 1771 1090 1854 πρὸς
1153 1770 1275 1853 τὴν
1347 1771 1652 1853 πλήμνην
1721 1769 1927 1853 ἄκρον
1992 1767 2274 1833 ἐνθέντα
2303 1793 2353 1832 15

243 1875 568 1959 ἀνακλᾶν,
627 1877 783 1953 τοὺς
839 1872 912 1941 δὲ
968 1874 1360 1942 ἀντιτείνειν
1418 1875 1707 1960 ἄνωθεν,
1761 1885 1895 1941 τῶν
1947 1898 2016 1940 τε
2077 1875 2274 1960 ὤμων

241 1981 611 2066 ἐχομένους
664 1981 774 2047 καὶ
829 1993 941 2067 τῆς
997 1984 1243 2067 ῑγνύης.
1317 1980 1498 2048 ἔστιν
1554 1979 1628 2048 δὲ
1672 1981 1783 2048 καὶ
1837 1984 1910 2047 τὸ
1967 1983 2102 2048 ἄνω
2149 1991 2269 2047 τοῦ

241 2089 554 2173 σώματος
610 2088 861 2174 ἀνάγκη
915 2092 1338 2173 προσλαβεῖν.
1427 2098 1623 2154 τοῦτο
1678 2090 1801 2173 μὲν
1844 2089 1929 2173 ἢν
1976 2091 2218 2180 βούλῃ,
2262 2092 2268 2181 Ι
2311 2134 2317 2139 -

239 2193 474 2272 ξύλον
505 2196 920 2279 στρογγύλον
965 2200 1149 2259 λεῖον
1192 2193 1551 2279 κατορύξας
1605 2195 1898 2279 βαθέως,
1947 2195 2144 2281 μέρος
2189 2220 2253 2261 τι
2272 2212 2378 2260 464

239 2301 462 2366 αὐτοῦ
506 2300 853 2386 ὑπερέχον
878 2310 996 2368 τοῦ
1044 2299 1247 2378 ξύλου
1293 2304 1546 2386 μεσηγὺ
1584 2312 1717 2366 τῶν
1763 2301 2049 2367 σκελέων
2084 2306 2272 2386 ποιή-
2300 2329 2352 2367 20

399 2604 426 2651 1
451 2616 528 2667 sq.
570 2597 660 2654 ὅτε
697 2602 822 2670 (ter)
859 2600 911 2654 V
981 2600 1083 2665 ξὺν
1119 2599 1239 2653 MV
1353 2605 1384 2652 3
1422 2597 1651 2670 χειρέων
1688 2598 1809 2652 MV
1916 2606 1949 2653 4
1986 2597 2269 2668 ἀτρεμέειν

234 2670 373 2724 MV
510 2676 541 2723 5
579 2689 720 2740 ηπερ
756 2686 857 2740 pro
896 2669 985 2740 οἴη
1022 2690 1126 2738 περ
1163 2671 1207 2723 Β
1283 2668 1475 2726 ἐκεῖνον
1514 2671 1634 2723 MV
1701 2668 2000 2724 ποιέεσθαι
2038 2670 2195 2725 codd.

236 2749 278 2796 6
319 2741 389 2797 δὲ
416 2758 519 2796 om.
550 2742 641 2809 131,
671 2759 738 2795 ss.
768 2741 843 2794 B³
917 2748 963 2796 6.
997 2748 1026 2795 7
1065 2746 1210 2797 δειτε
1235 2761 1334 2811 της
1361 2746 1422 2797 δε
1461 2744 1611 2812 (τῇδε
1647 2741 1772 2810 Ilb.)
1800 2761 1898 2811 της
1923 2761 2113 2796 κατατ.
2137 2740 2268 2798 ὅσον

233 2814 290 2867 Β
393 2818 422 2866 7
458 2814 555 2867 καὶ
592 2829 696 2867 om.
727 2812 847 2866 MV
928 2819 958 2866 9
990 2811 1183 2868 ἐντείν.
1214 2812 1265 2866 V
1338 2813 1567 2883 ἰσχύωσι
1592 2813 1653 2866 Μ
1732 2810 2052 2884 ἰσχυροτέρη
2078 2813 2199 2867 MV

236 2892 315 2939 10
348 2884 534 2939 §mv
648 2882 860 2939 ποιέειν
899 2884 1056 2938 codd.
1204 2889 1267 2937 11
1314 2883 1444 2938 ἄλλο
1480 2903 1534 2937 τι
1572 2899 1676 2936 om.
1706 2883 1796 2950 B1,
1833 2900 1901 2936 ss,
1932 2884 2006 2936 B³
2124 2884 2268 2939 ἔοικε

2019 2974 2065 3008 ει

231 2990 371 3046 MV
445 2996 511 3044 12
540 2990 888 3063 περιβάλλειν
917 2990 1037 3044 MV
1118 2991 1279 3045 ἔπϊτα
1307 2990 1352 3043 Β
1439 2988 1720 3044 πλατέοισι
1748 2990 1800 3044 V
1873 2996 1937 3043 13
1969 2992 2179 3116 ξοιοισι
2209 2992 2267 3044 Μ

318 3062 340 3116 ἱ
395 3071 478 3116 ’σι
503 3062 588 3129 Μ,
627 3062 782 3131 ἱμᾶσι
808 3062 860 3116 V
969 3067 1037 3116 14
1074 3059 1253 3131 ἰμάντ.
1291 3064 1358 3115 ut
1394 3062 1537 3115 solet
1562 3061 1614 3115 V
1722 3063 1852 3115 ante
1888 3080 1963 3129 πρ
2002 3084 2029 3125 ς
2065 3061 2192 3116 add.
2230 3060 2265 3131 ἢ

230 3134 303 3188 Μ
374 3175 387 3199 ,
427 3131 462 3201 ἢ
501 3149 605 3186 om.
634 3133 722 3199 B1,
763 3133 938 3187 adscr.
968 3132 1044 3185 B⁸
1113 3132 1539 3201 προσδήσαντας
1575 3132 1752 3199 codd„
1792 3149 1925 3186 corr.
1956 3133 2118 3200 Bosq.

234 3211 311 3259 16
356 3204 620 3259 ἐπανακλ.
660 3220 727 3258 ex
764 3204 922 3257 codd.
961 3220 1069 3258 reo.
1107 3204 1238 3257 Litt.
1269 3204 1387 3272 Pq.‚
1426 3205 1677 3259 ἀνακλᾶν
1714 3202 1891 3257 BMV
1963 3202 2262 3259 ἀντιτίνειν

228 3277 300 3330 Μ
380 3294 438 3329 τε
476 3284 585 3330 τῶν
622 3275 805 3342 codd„
847 3291 982 3329 corr.
1011 3274 1164 3342 Litt„
1199 3294 1258 3329 τε
1297 3275 1403 3329 del.
1432 3275 1596 3342 Bosq.
1745 3279 1811 3327 17
1849 3274 2039 3345 ἰγνύος
2072 3275 2125 3327 V

226 3349 381 3418 post
416 3346 524 3415 ἰγν.
564 3346 686 3400 add.
729 3347 774 3419 ·s·
814 3346 889 3399 ΒΞ
925 3349 982 3400 et
1017 3347 1078 3399 in
1112 3363 1286 3416 marg.
1326 3345 1425 3399 inf.
1467 3363 1592 3400 oum
1629 3346 1747 3399 eod.
1789 3345 1948 3415 signo
1985 3342 2174 3399 κοίλον

228 3419 362 3475 ἔστι
411 3415 533 3469 MV
635 3437 708 3471 τω
754 3434 854 3487 pro
901 3417 962 3471 τὸ
1008 3417 1053 3470 Β
1162 3426 1261 3472 τοῦ
1309 3433 1412 3471 om.
1451 3416 1571 3470 MV
1716 3422 1781 3470 18
1833 3415 2085 3485 ἀνάγκην
2129 3412 2260 3473 ΒΜ,

229 3487 477 3557 ἀνάγκη
513 3486 563 3538 V
599 3490 652 3542 et
680 3489 809 3544 Litt.
843 3488 1046 3543 collato
1077 3488 1196 3542 Gal.
1229 3506 1421 3542 comm.
1451 3506 1503 3556 p.
1536 3492 1639 3540 479
1706 3482 1714 3490 ’
1750 3492 1814 3539 19
1853 3483 2183 3554 στρογγυλὸν
2211 3481 2261 3534 V

1873 3572 1944 3624 5*
