2588 3876
347 143 433 206 84
1069 144 1243 194 ΠΕΡΙ
1276 141 1531 194 ΑΓΜΩΝ
1569 146 1636 195 26

239 322 342 372 502
365 308 721 388 κατεηγότα
758 310 880 388 εἴη,
915 302 1104 379 ἕλκος
1141 300 1215 368 δὲ
1250 304 1338 387 μὴ
1377 305 1634 388 ἔχοντα·
1688 304 1804 380 τάς
1843 305 1852 389 Ι
1892 327 1961 369 τε
1991 305 2116 390 γὰρ
2149 328 2348 369 κατα-

344 412 572 488 τάσιας
616 410 726 476 καὶ
770 412 1227 496 κατορθώσιας
1265 421 1404 476 τῶν
1438 408 1685 476 ὀστέων
1718 412 1836 476 τὸν
1872 411 2077 476 αὐτὸν
2112 413 2370 497 τρόπον

346 519 469 604 χρὴ
523 524 863 584 ποιεῖσθαι
927 520 1049 601 τήν
1102 539 1174 581 τε
1234 516 1529 582 ἐπίδεσιν
1560 520 2043 603 παραπλήσιον
2068 502 2073 508 ’
2096 520 2368 603 τρόπον.
2465 535 2470 536 ’

347 624 454 691 ἐπὶ
490 622 612 709 μὲν
649 626 773 709 γὰρ
813 625 971 690 αὐτὸ
1008 625 1082 688 τὸ
1120 622 1308 700 ἕλκος
1343 626 1675 709 πισσηρὴν
1709 626 2010 709 κηρωτὴν
2046 628 2373 709 χρίσαντα

295 756 320 797 5
351 736 608 815 σπλῆνα
654 732 893 796 λεπτὸν
939 731 1217 796 διπλόον
1252 729 1609 814 ἐπιθεῖναι,
1651 732 1734 796 τὰ
1768 730 1844 795 δὲ
1879 729 2066 817 πέριξ
2104 741 2370 816 κηρωτῇ

347 843 545 923 λεπτῇ
606 841 836 923 χρίειν.
924 838 1002 902 τὰ
1059 833 1132 902 δὲ
1186 838 1429 902 ὀθόνια
1482 835 1592 902 καὶ
1643 839 1722 902 τὰ
1776 839 1940 903 ἄλλα
1993 839 2374 923 πλατύτεριί

346 969 481 1011 τινι
536 942 882 1028 ἐσχισμένα
935 941 1101 1008 ἔστω
1156 941 1197 1026 ἢ
1253 947 1317 1008 εἰ
1367 945 1455 1027 μὴ
1515 942 1702 1020 ἕλκος
1757 939 1956 1028 εἶχεν·
2010 943 2120 1009 καὶ
2172 936 2225 1032 ᾧ
2281 944 2376 1009 ἂν

349 1052 585 1139 πρώτῳ
633 1048 985 1133 ἐπιδέηται,
1028 1057 1257 1137 συχνῷ
1305 1053 1470 1115 ἔστω
1517 1059 1637 1115 τοῦ
1681 1049 1904 1128 ἕλκεος
1938 1052 2375 1135 πλατύτερον.

347 1160 428 1222 τὰ
473 1159 598 1243 γὰρ
655 1158 1009 1242 στενότερα
1059 1165 1178 1222 τοῦ
1226 1156 1446 1233 ἕλκεος
1501 1158 1796 1236 ζώσαντα
1839 1160 1971 1242 ἔχει
2025 1158 2099 1222 τὸ
2152 1156 2377 1234 ἕλκος·

269 1289 323 1331 10
347 1265 421 1330 τὸ
468 1262 527 1328 δ’
575 1264 656 1328 οὐ
702 1265 850 1348 χρή”
907 1263 1070 1328 ἀλλὰ
1116 1264 1155 1347 ἡ
1202 1264 1425 1350 πρώτη
1471 1265 1787 1349 περιβολὴ
1839 1264 1999 1330 ὅλον
2042 1262 2369 1348 κατεχέτω

349 1372 424 1435 τὸ
453 1369 661 1454 ἕλκος,
694 1368 804 1434 καὶ
832 1368 1196 1455 ὑπερεχέτω
1233 1371 1308 1434 τὸ
1342 1370 1626 1435 ὀθόνιον
1660 1372 1861 1435 ἔνθεν
1896 1394 1967 1435 τε
2004 1369 2112 1436 καὶ
2150 1374 2380 1436 ἔνθεν.

348 1477 715 1559 βάλλεσθαι
774 1472 898 1560 μὲν
952 1471 1076 1542 οὖν
1134 1478 1255 1563 χρὴ
1317 1477 1391 1541 τὸ
1451 1476 1732 1542 ὀθόνιον
1784 1475 1922 1541 κατ’
1983 1478 2189 1561 αὐτὴν
2249 1480 2385 1561 τὴν

351 1580 484 1659 ἴξιν
529 1591 648 1647 τοῦ
696 1582 936 1667 ἕλκεος,
982 1582 1226 1663 πιέζειν
1272 1579 1349 1648 δὲ
1393 1582 1594 1671 ὀλίγῳ
1639 1578 1852 1667 ἧσσον
1886 1583 1926 1667 ἢ
1964 1586 2023 1649 εἰ
2057 1586 2145 1669 μὴ
2180 1583 2387 1662 ἕλκος

247 1705 352 1755 504
373 1684 571 1774 εἶχεν,
609 1688 1040 1774 ἐπινέμεσθαι
1069 1686 1143 1754 δὲ
1171 1698 1248 1774 τῇ
1291 1687 1300 1775 Ι
1342 1688 1629 1755 ε’πιδέσει
1665 1691 1883 1776 ὥσπερ
1921 1688 2031 1755 καὶ
2067 1693 2389 1776 πρόσθεν

272 1816 324 1863 15
352 1803 621 1882 εἴρηται.
710 1797 791 1861 τα
837 1793 912 1861 δὲ
957 1797 1200 1862 ὀθόνια
1246 1794 1374 1862 αἰεὶ
1418 1792 1542 1881 μὲν
1585 1805 1706 1861 τοῦ
1751 1800 2005 1882 τρόπου.
2048 1806 2168 1862 τοῦ
2207 1802 2390 1881 μαλ-

351 1910 569 1969 θακοῦ
608 1906 926 1969 ἔστωσαν·
963 1907 1214 1987 μᾶλλον
1252 1901 1334 1967 δέ
1364 1926 1429 1968 τι
1466 1903 1569 1969 δεῖ
1604 1902 1681 1970 ἐν
1713 1914 1930 1970 τοῖσιν
1964 1904 2391 1970 τοιούτοισιν

353 2010 394 2093 ἢ
457 2013 519 2075 εἰ
575 2011 661 2094 μὴ
724 2009 912 2086 ἕλκος
971 2006 1162 2095 εἶχεν.
1252 2014 1515 2094 πλῆθος
1575 2008 1649 2076 δὲ
1707 2022 1841 2076 τῶν
1900 2011 2217 2076 ὀθονίων·
2287 2013 2390 2095 μὴ

355 2114 606 2180 ἐλάσσω
656 2118 816 2181 ἔστω
862 2126 997 2181 τῶν
1042 2116 1557 2201 προειρημένων,
1608 2116 1773 2181 ἀλλά
1816 2141 1951 2183 τινι
1997 2115 2105 2181 καὶ
2151 2120 2393 2184 πλείω.

355 2221 441 2305 ἢν
479 2219 551 2287 δὲ
588 2220 886 2307 ε’πιδεθῇ,
935 2223 1208 2288 δοκείτω
1246 2229 1339 2309 τῷ
1377 2221 1814 2311 ἐπιδεδεμένῳ
1854 2223 2191 2309 ἡρμοίσθαι
2229 2223 2394 2309 μέν,

276 2356 329 2397 20
356 2325 708 2413 πεπιέχθαι
772 2325 846 2394 δὲ
908 2332 1023 2414 μή·
1089 2330 1274 2413 φάτω
1341 2326 1416 2394 δὲ
1478 2331 1642 2394 κατὰ
1705 2330 1778 2395 τὸ
1841 2329 2031 2407 ἕλκος
2092 2331 2398 2412 μάλιστα

354 2436 710 2521 ἡρμάσθαι.
782 2438 939 2513 τοὺς
977 2432 1050 2500 δὲ
1087 2437 1373 2521 χρόνους
1409 2438 1567 2512 τοὺς
1603 2435 1847 2512 αὐτοὺς
1882 2433 2006 2521 μὲν
2041 2438 2162 2522 χρὴ
2200 2432 2400 2504 εἶναι

355 2541 463 2608 ἐπὶ
509 2545 583 2608 τὸ
628 2548 883 2627 μᾶλλον
927 2544 1155 2608 δοκεῖν
1199 2541 1568 2627 ἡρμάσθαι,
1624 2545 1781 2619 τοὺς
1836 2543 2081 2620 αὐτοὺς
2135 2539 2210 2608 δὲ
2272 2543 2402 2611 ἐπὶ

500 2776 527 2824 1
558 2790 766 2841 κατεαγ
771 2770 854 2824 .V
957 2777 988 2824 2
1018 2770 1499 2859 xoevoqstaeh'cnagV,
1532 2774 1655 2838 ρθω
1683 2770 1744 2824 in
1772 2787 1878 2825 ras.
1981 2777 2013 2825 3
2042 2793 2146 2843 χρη
2113 2771 2238 2840 ὴΒ,
2274 2790 2403 2829 om„

358 2840 477 2893 MV
546 2793 841 2896 ποιέεσθαι
881 2842 1039 2896 codd.
1104 2838 1149 2896 τ’
1180 2841 1226 2894 Β
1329 2846 1360 2895 5
1399 2840 1629 2897 ὃίπλοον
1666 2841 1716 2895 V
1789 2842 1963 2913 ἐπιθῆ
1965 2864 2059 2898 ναι
2087 2843 2150 2909 Β,
2189 2841 2404 2900 ἐπιδε-

357 2915 536 2981 θῆναι
573 2912 707 2979 MV,
747 2912 944 2982 scripsi
982 2912 1266 2967 ἐπιθεῖναι
1376 2919 1407 2966 6
1444 2916 1610 2983 λεπτῇ
1646 2913 1822 2980 codd,
1860 2914 2037 2985 λευκῇ
2056 2913 2211 2967 Foes,
2245 2915 2404 2971 Libt.

465 3037 617 3089 χρειν
653 3018 705 3072 V
850 3025 879 3072 7
928 3019 1117 3091 ἐσχισμ
1078 3040 1130 3089 μ.
1170 3037 1276 3074 om.
1315 3019 1361 3072 B
1470 3014 1552 3090 εἶχ
1556 3039 1581 3073 ε
1627 3018 1747 3071 MV
1888 3024 1922 3072 8
1967 3029 2180 3109 συχνῶς
2226 3021 2312 3074 B⁴
2384 3067 2388 3069 ι

358 3090 629 3157 πλατύτερ
633 3110 669 3142 α
705 3089 826 3142 MV
968 3096 1001 3142 9
1039 3091 1300 3158 στενώτερ
1304 3110 1341 3143 α
1379 3089 1438 3142 Μ
1574 3094 1640 3143 10
1675 3088 1800 3146 τόδ’
1841 3090 1893 3144 V
1962 3088 2084 3145 ἀλλ’
2116 3090 2240 3143 MV

363 3165 429 3212 13
466 3156 577 3225 ἴξιν
614 3159 665 3214 V
802 3165 868 3213 14
906 3155 988 3231 εἶχ
991 3179 1016 3214 ε
1053 3159 1113 3212 Μ
1234 3166 1300 3214 16
1341 3159 1577 3215 ιστωσαν
1613 3161 1688 3228 Μ,
1728 3161 1826 3216 ἴστ.
1857 3161 1909 3215 V
1977 3181 2037 3216 τε
2071 3179 2173 3252 pro
2209 3182 2271 3216 τι
2309 3164 2407 3233 M,

357 3250 471 3287 τινι
506 3248 607 3299 pro
643 3251 697 3284 τι
735 3235 825 3286 δεῖ
854 3230 900 3283 Β
971 3239 1127 3284 τοῖσι
1150 3231 1270 3285 MV
1416 3237 1479 3284 17
1519 3227 1572 3285 εἶ
1607 3251 1631 3286 ε
1659 3204 1779 3287 MV
1925 3238 1988 3286 18
2029 3231 2313 3288 ἐλασσων.
2395 3282 2408 3291 .

359 3304 563 3356 πλειων
599 3301 685 3353 B·
734 3310 843 3356 τῶν
878 3299 1148 3369 πρότερον
1186 3301 1486 3372 εἰρημένων
1523 3254 1664 3355 MYV
1707 3351 1709 3354 ,
1787 3309 1851 3358 19
1892 3301 1948 3359 δ’
1990 3304 2109 3357 MV
2201 3304 2412 3376 ἡρμόζ-

363 3376 501 3425 σθαι
537 3364 601 3439 Β,
640 3366 760 3425 Gal.
791 3372 975 3442 81088,
1013 3372 1192 3440 ΕΠΠἾ
1283 3371 1530 3443 ρμόσθαι
1576 3373 1696 3427 MV
1790 3381 1902 3428 21
1952 3374 2249 3444 ἡρμασθαι
2297 3378 2410 3446 131,

360 3444 499 3496 mut.
528 3442 590 3495 in
625 3390 922 3511 ἡρμωσθαι
957 3415 1045 3509 i3⁸‚
1083 3393 1380 3513 ἡρμόσθαι
1407 3444 1527 3499 MV
1642 3447 1748 3498 22
1773 3455 1849 3501 τῶ
1885 3464 1987 3515 pro
2022 3447 2084 3500 τὸ
2122 3445 2174 3499 V
2290 3452 2412 3506 ‹3³0-

363 3512 511 3567 κέειν
550 3513 707 3566 codd.
746 3514 839 3568 hic
875 3518 933 3568 et
968 3519 1054 3581 85,
1077 3520 1104 3567 1
1215 3514 1505 3584 ἡρμασθαι
1542 3500 1630 3583 ΒῙ,
1668 3516 1950 3587 ἡρμόσθαι
1990 3516 2193 3570 B³MV
