2588 3876
651 181 825 230 ΠΕΡΙ
859 179 1148 232 ΑΡΘΡΩΝ
1184 180 1546 230 ΕΜΒΟΛΗΣ
1583 181 1666 229 56.
1699 182 1765 230 57
2087 176 2215 238 201

199 339 646 424 ἐξεχέγλουτοι
685 341 768 405 δὲ
798 342 1084 425 ἰσχυρῶς
1121 334 1309 404 οὗτοι
1348 342 1703 422 φαίνονται
1750 337 1858 403 καὶ
1897 337 2116 422 ῥαιβοὶ
2155 340 2220 404 οὶ

197 446 388 533 μηροὶ
419 448 535 513 διὰ
563 448 686 531 τὴν
712 444 1021 513 ἔκστασιν
1038 459 1174 512 τῶν
1202 449 1498 532 ἄρθρων.
1543 445 1628 529 ἢν
1658 443 1730 511 δὲ
1749 447 1837 530 μὴ
1866 445 2220 528 ἐπισφακε-

198 556 339 638 λίσῃ
379 554 645 619 αὐτοῖσι
682 556 759 618 τὰ
798 553 1018 637 ὀστέα,
1055 554 1222 639 μηδὲ
1256 551 1466 637 κυφοὶ
1493 552 1800 637 ἀνωτέρω
1828 564 1962 618 τῶν
1992 553 2222 636 ἰσχίων

196 660 515 744 γένωνται
544 699 633 707 --
661 660 884 737 ἐνίους
912 662 1037 746 γὰρ
1066 658 1177 725 καὶ
1203 663 1285 726 τὰ
1303 669 1573 725 τοιοῦτα
1599 659 2084 741 καταλαμβάνει
2113 696 2219 741 -,

195 767 276 850 ἢν
312 764 443 833 οὖν
479 771 569 852 μή
605 792 669 833 τι
704 777 970 833 τοιοῦτο
1009 767 1309 851 γένηται,
1360 768 1599 843 ἱκανῶς
1634 764 1901 851 ὑγιηροὶ
1938 768 2017 831 τὰ
2055 767 2220 830 ἄλλα
2274 790 2299 831 5

196 875 661 960 διαφέρονται·
735 873 1204 960 ἄναυξέστεροι
1261 873 1490 956 μέντοι
1555 875 1629 938 τὸ
1698 874 1964 954 σύμπαν
2036 884 2221 955 σῶμα

196 977 385 1047 οὗτοι
431 985 736 1065 γίνονται
781 983 956 1066 πλὴν
998 992 1113 1065 τῆς
1157 987 1468 1065 κεφαλῆς.

324 1089 434 1153 57.
494 1080 649 1153 Οἷσι
697 1087 757 1152 δ’
801 1088 886 1153 ἄν
931 1087 998 1165 ἐς
1041 1090 1414 1154 τοῦπισθεν
1459 1087 1499 1170 ἡ
1545 1088 1798 1170 κεφαλὴ
1845 1095 1965 1150 τοῦ
2002 1096 2219 1171 μηροῦ

189 1195 436 1280 ἐκπέσῃ
486 1232 572 1241 -
622 1195 909 1279 ὀλίγοισι
969 1196 1043 1260 δὲ
1102 1193 1401 1260 ἐκπίπτει
1446 1232 1567 1276 -,
1628 1189 1816 1258 οὗτοι
1876 1191 2221 1257 ἐκτανύειν

189 1302 271 1367 οὐ
333 1303 660 1367 δύνανται
714 1304 786 1367 τὸ
844 1301 1076 1379 σκέλος
1131 1303 1284 1366 οὔτε
1338 1302 1504 1366 κατὰ
1557 1303 1631 1366 τὸ
1688 1301 1951 1385 ἄρθρον
1995 1301 2069 1363 τὸ
2118 1297 2220 1363 ἐκ-
2251 1325 2305 1364 1ο

35 1408 36 1483 ξ
85 1401 91 1407 ’
187 1411 405 1475 πεσὸν
466 1410 618 1474 οὔτε
673 1433 736 1474 τι
793 1409 1001 1494 κάρτα
1057 1410 1222 1473 κατὰ
1280 1410 1404 1491 τὴν
1464 1408 1734 1491 ἰγνύην,
1795 1404 1936 1471 ἀλλ’
1988 1407 2223 1489 ἥκιστα

187 1527 327 1581 τῶν
376 1514 713 1580 ἐκπαλέων
751 1510 939 1581 οὗτοι
987 1514 1299 1599 [μᾶλλον]
1348 1513 1745 1579 ἐκτανύουσι
1783 1512 1893 1578 καὶ
1939 1514 2013 1577 τὸ
2060 1512 2223 1576 κατὰ

185 1624 312 1688 τὸν
358 1623 675 1704 βουβῶνα
718 1621 830 1687 καὶ
875 1623 949 1687 τὸ
997 1623 1160 1686 κατὰ
1205 1623 1328 1705 τὴν
1374 1622 1615 1704 ἰγνύην
1660 1621 1939 1705 ἄρθρον.
2022 1636 2223 1704 προσ-

192 1728 503 1794 συνιέναι
547 1729 670 1810 μὲν
716 1724 843 1794 οὖν
888 1727 998 1793 καὶ
1044 1730 1198 1793 τόδε
1243 1731 1369 1813 χρή
1414 1764 1502 1773 -
1549 1728 1912 1811 εὔχρηστον
1950 1726 2074 1809 γὰρ
2112 1723 2222 1789 καὶ

190 1841 453 1901 πολλοῦ
501 1833 689 1912 ἄξιόν
734 1834 916 1901 ἐστιν
959 1832 1069 1899 καὶ
1113 1837 1272 1911 τοὺς
1316 1835 1668 1908 πλείστους
1715 1836 1909 1917 λήθει
1954 1869 2072 1913 -,
2120 1828 2222 1895 ὅτι
2251 1856 2301 1896 15

193 1941 346 2008 οὐδ’
393 1945 459 2008 οἱ
505 1943 922 2026 ὑγιαίνοντες
967 1943 1289 2007 δύνανται
1336 1943 1500 2006 κατὰ
1552 1942 1673 2024 τὴν
1721 1941 1961 2023 ἰγνύην
2003 1934 2205 2026 ἐκΙτα-
2224 1954 2330 2002 246

191 2050 387 2114 νύειν
431 2050 507 2113 τὸ
556 2051 846 2135 ἄρθρον,
903 2050 987 2134 ἢν
1039 2050 1126 2133 μὴ
1183 2048 1721 2114 συνεκτανύσωσι
1775 2044 1884 2112 καὶ
1940 2047 2014 2111 τὸ
2061 2045 2224 2109 κατὰ

194 2157 316 2221 τὸν
361 2157 680 2239 βουβῶνα
724 2157 1017 2242 ἄρθρον,
1062 2156 1237 2238 πλὴν
1280 2155 1367 2237 ἢν
1412 2157 1499 2238 μὴ
1546 2155 1723 2219 πάνυ
1771 2155 1907 2219 ἄνω
1955 2152 2224 2238 ἀείρωσι

198 2264 320 2328 τὸν
379 2263 580 2327 πόδα·
656 2262 827 2327 οὕτω
895 2261 955 2325 δ’
1030 2260 1113 2326 ἂν
1178 2262 1524 2326 δύναιντο·
1601 2261 1683 2325 οὐ
1755 2263 1990 2326 τοίνυν
2063 2255 2222 2324 οὐδὲ

343 2426 370 2472 1
414 2420 533 2489 ἐξεχ
537 2418 596 2489 έγ
599 2423 828 2473 λουτοι.
863 2462 872 2472 .
907 2418 1099 2487 ,ἄρθρ
1102 2440 1180 2472 ων
1217 2435 1325 2472 0111.
1366 2421 1419 2471 Γ
1522 2413 1677 2471 οὗτοι
1715 2418 1818 2488 ἰσχ.
1859 2416 1979 2469 MV
2085 2437 2134 2469 κ.
2175 2437 2220 2484 ρ.
2326 2479 2333 2484 ,

199 2491 253 2544 οι
291 2511 345 2559 μ.
386 2508 493 2544 0111.
500 2441 661 2543 xMV
769 2487 918 2561 ᾇεβοὶ
958 2490 1003 2542 Β
1149 2496 1179 2542 2
1221 2490 1445 2544 ἔκτασιν
1480 2490 1526 2541 Β
1663 2495 1693 2541 3
1732 2487 1906 2556 κυφοὶ
1940 2487 2013 2552 Β,
2050 2494 2225 2554 κῦφοι

198 2562 322 2615 MV
430 2561 715 2629 ἀνωτέρωι
752 2561 835 2627 Μ,
875 2562 1144 2629 ἀνώτεροι
1180 2560 1232 2613 V
1376 2566 1410 2613 4
1460 2562 1649 2613 καταλ.
1689 2560 1786 2612 καὶ
1821 2558 1892 2611 τὰ
1925 2577 2029 2612 τοι.
2068 2556 2119 2610 V

196 2633 267 2686 τὰ
307 2650 412 2686 0111.
453 2633 566 2686 ΒΓ
704 2638 735 2685 ὅ
772 2631 1030 2687 τοιοῦτόν
1065 2653 1121 2686 τι
1147 2632 1268 2685 MV
1339 2631 1509 2685 τᾶλλα
1536 2630 1620 2695 Μ,
1657 2625 1825 2683 τᾶλλα
1854 2629 1906 2682 V
2039 2631 2071 2679 6
2108 2636 2224 2683 πᾶν

198 2704 321 2757 MV
505 2710 534 2756 7
592 2703 646 2758 οι
680 2712 926 2758 τοιοῦτοι
960 2721 1064 2772 pro
1103 2698 1259 2757 οὗτοι
1297 2707 1349 2756 Γ
1483 2720 1587 2769 περ
1593 2672 1620 2755 2'
1655 2709 1754 2770 τῆς
1790 2699 2029 2754 ὄπισθεν
2067 2698 2225 2763 ἐξαρ-

200 2779 247 2829 θ
248 2774 459 2865 ρήσεως
495 2782 593 2844 τῆς
626 2782 727 2828 τοῦ
766 2783 943 2844 μηροῦ
980 2778 1229 2843 κεφαλῆς
1264 2774 1353 2827 tit.
1391 2774 1437 2825 B
1556 2779 1587 2826 8
1627 2771 1687 2826 ἐκ
1722 2789 1824 2840 pro
1864 2772 1919 2832 ἐς
1953 2771 2013 2823 Μ
2123 2766 2227 2831 Οἷς

202 2796 336 2901 ab*
305 2866 379 2901 αν
416 2840 573 2916 ἦείς
606 2846 670 2900 τὸ
710 2844 754 2899 ὅ.
794 2845 898 2914 Ap
999 2844 1244 2899 τουπίσω
1284 2845 1424 2909 Gal„
1463 2843 1546 2897 De
1582 2844 1686 2898 loc.
1727 2842 1908 2897 affect.
1946 2841 2090 2906 VIII,
2121 2846 2225 2894 430

202 2866 452 2970 Kfihnq²
517 2917 553 2985 ἡ
594 2918 652 2970 et
686 2924 784 2970 τοῦ
822 2933 929 2970 om.
969 2916 1087 2970 MV
1267 2923 1300 2969 9
1358 2916 1574 2970 ἐκτανν.
1614 2914 1666 2968 V
1838 2920 1900 2968 11
1957 2933 2011 2966 τι
2047 2912 2225 2979 κάρτα

203 3005 308 3041 om.
346 2988 452 3058 Ap.
595 2993 658 3040 12
700 2987 759 3042 ἐκ
796 2991 1051 3041 παλαιῶν
1080 2987 1258 3052 codd„
1299 2984 1581 3041 ἐκπαλέων
1619 3002 1685 3039 ex
1724 2985 1937 3039 emend.
1967 2984 2035 3050 H,
2074 2984 2227 3051 Litt..

200 3056 776 3128 Ε1111.,έκπαλησίων
811 3059 909 3126 Pq.
1038 3058 1172 3125 ἀλλὴ
1219 3061 1453 3126 μαλιστα
1488 3066 1599 3112 τῶν
1639 3058 1875 3111 ἔκπαλαι
1911 3051 2010 3109 ὧν·
2071 3054 2227 3110 ουτοι

203 3131 303 3252 ἐξ).
436 3133 641 3199 μᾶλλον
680 3146 784 3183 0111.
816 3128 1198 3183 PPGal.ibid.
1236 3128 1865 3197 ΑΡ.1111;1;.Ε1·111.,ἄμα
1890 3143 1992 3196 pro
2020 3129 2226 3196 μᾶλλον

274 3201 328 3255 b.
479 3206 545 3254 13
600 3203 697 3255 καὶ
743 3201 805 3255 τὸ
861 3200 1006 3255 κατὰ
1050 3200 1153 3290 τῂν
1205 3199 1312 3269 ἰγν.
1366 3218 1471 3253 0111.
1501 3200 1626 3290 Ap.
1776 3205 1858 3252 13.
1904 3204 1971 3253 14
2035 3198 2224 3266 προσξ.

207 3273 392 3339 codd„
431 3272 709 3336 -ξυνειναι
738 3273 784 3324 Β
930 3277 996 3325 14
1034 3292 1107 3340 μη
1110 3292 1142 3324 ν
1178 3289 1279 3339 pro
1320 3270 1419 3340 μὲν
1460 3267 1562 3325 οὖν
1601 3269 1721 3324 Gal
1733 3269 1868 3323 ibid.
1996 3276 2061 3323 15
2097 3269 2228 3337 post

205 3347 350 3397 πολλ.
392 3343 521 3397 amdd
560 3341 727 3412 λόγου
765 3342 886 3397 Gal.
899 3341 1035 3396 ibid.
1175 3342 1288 3395 ἐστι
1325 3342 1376 3394 V
1521 3348 1586 3395 16
1626 3340 1781 3396 ουτοι
1818 3342 1902 3410 ὑγ.
1934 3341 2060 3404 ΒΓ,
2100 3340 2225 3393 οὔτε

208 3414 289 3483 ὑγ.
337 3413 484 3480 MV,
541 3364 668 3470 οὐδ’
709 3415 794 3484 ὑγ.
843 3413 963 3467 Gal.
986 3413 1121 3467 ibid.
1316 3419 1380 3465 17
1430 3412 1965 3498 συνεκτανύσουσι(ν
1991 3416 2060 3479 Γ)
2105 3411 2226 3476 ΒΓ,

208 3486 429 3540 -νύουοι
464 3458 558 3551 Μ·
590 3485 788 3539 -νύωσι
826 3485 902 3552 V,
950 3486 1183 3538 ·νύσωσι
1221 3482 1343 3537 Gal.
1355 3484 1492 3536 ibid.
1660 3488 1724 3536 19
1775 3484 1842 3537 οὐ
1877 3480 2072 3536 τοίνυν
2101 3480 2222 3532 Gal:

208 3528 1050 3622 ibid.Litt.Erm.Pq.‚01‘›voa.
1087 3563 1192 3610 νῦν
1228 3555 1289 3621 Ρ,
1329 3549 1484 3608 οὗτοι
1519 3552 1712 3608 τοίνυν
1751 3555 1854 3606 cet.
1895 3552 2053 3605 codd.
