2588 3876
330 106 462 170 262
1031 112 1427 163 MOXAIKON
1466 113 1548 162 30.
1581 115 1645 164 31

328 273 631 354 γίνονται
707 270 981 358 πυρετοὶ
1053 270 1431 358 ὑπεροξέες,
1497 273 1895 357 λυγγώδεες,
1972 274 2360 359 τρομωδεες,

329 377 592 462 γνώμης
619 376 994 461 ἁπτόμενοι,
1032 380 1505 464 ταχυθάνατοι,
1544 377 1655 444 καὶ
1684 382 1781 444 ἔτι
1819 384 2091 464 φλεβῶν
2130 381 2361 467 αἱμορ-

327 486 505 568 ρόων
562 486 904 562 πελιώσιες
963 483 1072 550 καὶ
1131 488 1671 573 γαγγραινωσιες.
1768 496 2003 571 σημεῖα
2047 498 2183 552 τῶν
2239 508 2362 552 πα-

328 592 887 675 λιγκοτησάντων·
951 593 1037 676 ἢν
1090 594 1170 657 τὰ
1224 591 1657 676 ἐκχυμώματα
1701 594 1812 658 καὶ
1856 594 1937 658 τὰ
1981 595 2361 675 μελάσματα

274 720 300 760 6
328 698 438 763 καὶ
496 699 577 763 τὰ
633 696 784 783 περὶ
843 708 1051 764 ταῦτα
1107 699 1498 784 ὑπόσκληρα
1560 700 1670 764 καὶ
1732 698 2086 786 ὑπέρυθρα
2139 692 2214 786 ᾗ·
2276 701 2361 785 ἢν

325 805 452 891 γὰρ
500 808 630 869 σὺν
676 806 1126 893 σκληρύσματι
1172 811 1503 892 πελιωθῇ,
1549 808 1867 883 κίνδυνος
1910 812 2361 890 μελανθῆναι·

325 911 408 995 ἢν
456 910 515 975 δ’
560 909 884 977 ὑποπέλια
928 906 972 999 ᾗ
1016 911 1127 977 καὶ
1162 912 1356 978 πέλια
1392 914 1565 995 μάλα
1599 914 1710 978 καὶ
1746 911 2073 997 κεχυμένα
2119 913 2159 997 ἢ
2197 912 2362 1003 ὑπό)-

325 1021 546 1102 χλωρα
591 1020 701 1084 καὶ
744 1019 1084 1103 μαλθακά,
1139 1018 1321 1084 ταῦτ’
1378 1017 1453 1085 ἐν
1505 1028 1665 1084 πᾶσι
1721 1030 1895 1085 τοῖσι
1950 1021 2360 1085 τοιούτοισιν

325 1124 565 1208 ἀγαθά.
660 1131 857 1209 ἴησις·
918 1126 1003 1209 ἢν
1056 1122 1180 1207 μὲν
1235 1126 1551 1211 ἀπύρετοι
1606 1122 1828 1209 ἔωσιν,
1891 1124 2360 1211 ἐλλεβορίζειν·

246 1257 299 1296 10
327 1231 411 1316 ἢν
458 1231 532 1296 δὲ
567 1235 687 1316 μή,
724 1235 813 1315 μή
825 1252 838 1266 ·
886 1231 1053 1297 ἀλλὰ
1089 1234 1296 1297 ποτὸν
1332 1231 1695 1317 ὀξύγλυκυ,
1734 1234 1792 1298 εἰ
1832 1231 1990 1298 δέοι.
2066 1230 2362 1310 ἐπίδεσις

326 1338 402 1402 δὲ
437 1338 478 1421 ἡ
527 1340 808 1426 ἄρθρων
845 1338 1179 1416 σύνδεσις·
1225 1337 1566 1423 ἐπιδε<ῖν>
1602 1340 1839 1423 πάντα,
1883 1344 2139 1420 μᾶλλον
2185 1349 2360 1405 τοῖσι

219 1460 323 1508 374
345 1445 708 1529 φλάσμασι,
754 1446 864 1510 καὶ
904 1445 913 1529 1
955 1445 1292 1511 ὀθονίοισι
1341 1445 1573 1511 πλέοσι
1619 1444 1729 1511 καὶ
1783 1445 2359 1532 μαλθακωτέροισι

324 1557 643 1638 χρῆσθαι,
699 1550 917 1630 πίεξις
942 1546 1181 1635 ἧσσον·
1235 1551 1422 1638 ὕδωρ
1468 1551 1698 1617 πλέον·
1753 1555 2356 1637 προσπεριβάλλειν

324 1660 406 1723 τὰ
449 1664 723 1723 πλεῖστα
758 1668 835 1744 τῇ
874 1658 1137 1745 πτέρνῃ.
1218 1661 1292 1724 τὸ
1341 1668 1575 1744 σχῆμα,
1615 1658 1774 1745 ὅπερ
1821 1659 1861 1743 ἡ
1910 1657 2223 1743 ἐπίδεσις,
2268 1661 2355 1736 ὡς

244 1790 295 1831 15
324 1767 411 1849 μὴ
476 1763 543 1842 ἐς
606 1766 728 1849 τὴν
790 1764 1079 1851 πτέρνην
1144 1764 1590 1849 ἀποπιέζηται·
1660 1764 1964 1852 ἀνωτέρω
2027 1767 2355 1849 γούνατος

323 1873 488 1936 ἔστω
537 1873 836 1950 εὔθετος·
893 1872 1178 1958 νάρθηξι
1224 1875 1313 1959 μὴ
1360 1879 1666 1959 χρῆσθαι.

457 1980 562 2044 31.
613 1977 814 2044 Ὅταν
859 1978 920 2044 δ’
965 1978 1158 2066 ἐκστῇ
1207 1980 1244 2045 ὁ
1291 1984 1461 2057 ποὺς
1505 1980 1546 2064 ἢ
1594 1980 1790 2057 αὐτὸς
1836 1980 1878 2064 ἢ
1924 1981 2054 2045 σὺν
2100 1989 2179 2065 τῇ
2219 1979 2356 2045 ἐπι-

324 2086 555 2169 φύσει,
612 2083 908 2151 ἐκπίπτει
953 2091 1206 2170 μᾶλλον
1252 2084 1319 2163 ἐς
1363 2088 1437 2151 τὸ
1485 2089 1640 2151 ἔσω·
1701 2087 1785 2171 ἢν
1832 2087 1907 2150 δὲ
1950 2088 2038 2169 μὴ
2085 2084 2354 2172 ἐμπέσῃ,

325 2193 713 2256 λεπτύνεται
769 2190 896 2256 ἀνὰ
954 2195 1200 2279 χρόνον
1257 2194 1476 2278 ἰσχίου
1532 2192 1641 2258 καὶ
1687 2200 1902 2278 μηροῦ
1950 2190 2061 2257 καὶ
2107 2196 2358 2277 κνήμης

242 2327 297 2367 20
324 2300 399 2363 τὸ
438 2298 669 2364 ἀντίον
707 2308 826 2364 τοῦ
865 2298 1330 2383 ὀλισθήματος.
1414 2298 1659 2384 ἐμβολὴ
1697 2299 1787 2377 ὡς
1823 2308 2115 2386 καρποῦ,
2161 2299 2358 2365 κατά-

322 2422 510 2482 τασις
546 2406 621 2471 δὲ
659 2405 1069 2492 ἰσχυροτέρη.
1132 2412 1336 2491 ἴησις,
1374 2409 1575 2488 νόμος
1610 2407 1905 2493 ἄρθρων.
1971 2391 2357 2490 παλιγκοτεῐ

320 2508 531 2597 ἧσσον
575 2521 862 2599 καρποῦ,
919 2513 1004 2598 ἢν
1047 2513 1365 2599 ἡσυχάση.
1450 2514 1670 2578 δίαιτα
1710 2516 1945 2596 μει’·ων
2010 2511 2355 2578 ἐλινύουσι

466 2658 497 2705 3
537 2653 828 2716 πελιώσιος
863 2652 922 2705 Μ
1030 2619 1477 2723 γαζγραινωσιος
1512 2652 1571 2704 Μ
1717 2657 1750 2705 4
1790 2652 2149 2742 ἐκχυμώτατα
2185 2652 2247 2705 Μ

325 2730 356 2778 5
393 2724 429 2793 ἠ
467 2741 568 2793 pro
607 2725 705 2778 καὶ
739 2724 800 2777 Μ
962 2728 992 2776 6
1049 2724 1149 2788 ξυν
1188 2724 1351 2777 codd.
1518 2728 1546 2776 7
1604 2722 1910 2791 ὑπόπυαη
1888 2716 1910 2742 ’
1949 2722 2018 2777 τὰ
2054 2721 2222 2777 πέλια
2259 2723 2356 2777 καὶ

323 2794 592 2864 μαλθακὰ
629 2796 727 2849 καὶ
763 2813 824 2849 κε
864 2795 963 2847 ,Μ
1108 2799 1141 2848 8
1177 2794 1481 2849 τοιούτοισι
1509 2794 1568 2846 Μ
1711 2800 1742 2847 9
1781 2795 1912 2863 post
1949 2792 1980 2848 ἴ
1970 2812 2095 2863 ησις
2122 2794 2252 2848 add.
2291 2792 2355 2849 δὲ

322 2866 498 2936 vulga,
537 2885 643 2921 om.
683 2866 742 2919 M
844 2883 979 2921 ωσιν
1017 2881 1123 2920 om.
1164 2866 1223 2918 M
1334 2870 1400 2919 10
1436 2865 1639 2932 ποτὸν,
1677 2865 1740 2919 τὸ
1777 2864 1837 2918 in
1875 2881 2002 2919 raso
2041 2864 2166 2919 loco
2204 2865 2265 2920 M

322 2939 453 3006 post
488 2939 665 2993 ποτὸν
712 2938 841 2991 add.
890 2934 1118 2992 διδόναι
1153 2936 1304 3008 vulg.
1319 2979 1332 3003 ,
1380 2954 1486 2990 om.
1526 2937 1585 2989 M
1624 2935 1715 3006 (cf.
1753 2954 1811 2989 π.
1853 2935 1987 3004 ἄρθ.
2028 2937 2146 3007 ἐμβ.
2187 2954 2233 2990 c.
2265 2937 2353 3003 86)

397 3014 461 3062 11
500 3008 536 3077 ἠ
567 3010 625 3062 M
734 3008 998 3071 σύνθεσις
1024 3008 1199 3079 vulg,
1238 3025 1345 3062 om.
1375 3008 1459 3073 M,
1499 3006 1654 3061 σύνδ.
1683 3007 1817 3062 Litt.
1848 3007 1917 3061 cf.
1957 3026 2015 3060 π.
2045 3009 2160 3077 ἀγμ
2120 3028 2173 3076 μ.
2214 3024 2261 3061 c.
2286 3013 2352 3060 11

396 3079 490 3133 ἐπὶ
517 3081 579 3135 δὲ
607 3079 777 3150 vulg„
815 3078 885 3133 cf.
916 3098 974 3133 π.
1016 3079 1149 3148 ἄρθ.
1191 3080 1383 3150 ἐμβρ
1389 3084 1554 3146 .244,
1583 3084 1643 3146 2,
1685 3079 1763 3132 ἔτι
1793 3078 1856 3133 δὲ
1892 3078 2053 3132 codd.
2164 3077 2356 3133 πάντα

324 3150 513 3217 οοᾶᾶἿ
561 3159 736 3204 ταῦτα
774 3150 922 3205 vul.
1032 3149 1219 3205 πάντα
1265 3097 1472 3219 μᾶλλον
1510 3120 1688 3203 d’cleri
1732 3149 1854 3202 vult
1890 3149 2019 3202 Wb.
2169 3154 2236 3203 14
2286 3158 2352 3220 τῇ

324 3238 431 3274 om
468 3192 529 3274 Μ
630 3219 811 3309 ὥσπερ
888 3239 1007 3288 rm„
1046 3220 1245 3291 οιηπερ
1214 3220 1402 3290 9.Wb
1517 3225 1584 3273 16
1620 3224 1871 3291 χρῆσθαι
1907 3221 1990 3285 M,
2030 3219 2356 3291 χρήσασθαι

324 3294 428 3346 cet.
543 3297 607 3344 17
648 3289 704 3345 δ’
736 3292 820 3358 Μ,
860 3291 923 3347 δὲ
952 3295 1057 3347 cet.
1159 3293 1330 3355 αὐτὸς
1355 3292 1430 3357 Μ,
1461 3300 1670 3382 μοῦνος
1706 3294 1810 3346 cet.
1922 3292 2025 3347 σὺν
2053 3292 2127 3356 Μ,
2167 3291 2213 3356 ξ.
2245 3293 2351 3346 cet.

434 3366 498 3415 18
540 3362 631 3415 εἰ.
711 3363 780 3417 ,ἐ
780 3361 958 3434 μπέσῃ
997 3364 1188 3430 οο(1(1.,
1238 3364 1439 3432 scripsi
1484 3383 1597 3431 ην.
1634 3406 1690 3417 ..
1723 3363 1795 3430 ἐ.,
1852 3363 1921 3417 cf.
1959 3381 2019 3417 π.
2058 3362 2196 3431 ἄρθ.
2236 3363 2264 3418 ἐ

325 3450 370 3486 c.
402 3439 497 3499 87,
543 3432 636 3486 εἰ.
714 3432 782 3485 .ἐ
784 3432 983 3502 μπέσοι
1020 3434 1152 3488 Litt.
1191 3453 1367 3488 unum
1404 3435 1655 3489 codicem
1691 3434 1740 3488 D
1779 3437 2003 3489 secutus
2113 3439 2184 3487 20
2222 3450 2298 3487 an

325 3511 544 3571 καρποῦ
575 3476 705 3556 add.
735 3501 769 3570 ἡ
798 3504 965 3573 vulg„
993 3522 1099 3559 om.
1130 3506 1191 3559 M
1281 3511 1347 3559 21
1377 3504 1729 3576 παλιγκοτέει
1756 3507 1916 3561 οο(1(1.
2010 3511 2078 3559 22
2107 3514 2268 3577 μεῖον
2296 3504 2354 3558 Μ
