2588 3876
316 146 445 208 228
771 148 945 198 ΠΕΡΙ
980 147 1270 199 ΑΡΘΡΩΝ
1308 149 1666 198 ΕΜΒΟΛΗΣ
1708 151 1788 198 71.
1823 151 1887 198 72

313 309 491 393 παρὰ
536 309 656 371 τὸν
700 311 1014 391 περίνεον
1067 307 1633 395 περιβεβλημένῳ,
1688 308 2196 395 παρατεταμένῳ
2245 308 2350 374 ἐπὶ

312 415 435 497 μὲν
480 416 562 478 τὰ
607 415 894 478 ὄπισθεν
938 415 1116 499 παρὰ
1161 416 1285 497 τὴν
1321 414 1543 498 ῥάχιν,
1591 413 1698 479 ἐπὶ
1738 415 1813 480 δὲ
1849 417 1929 478 τὰ
1964 413 2350 500 ἔμπροσθεν

314 522 494 605 παρὰ
537 521 658 604 τὴν
703 521 974 602 κληῖδα,
1030 519 1547 607 προσηρτημένῳ
1592 522 1760 606 πρὸς
1805 522 1927 603 τὴν
1972 520 2183 606 ἀρχὴν
2228 522 2348 604 τὴν

314 627 984 691 ἀντικατατείνουσαν
1046 626 1221 691 οὕτω
1288 604 1848 710 διαναγκάζεσθαι
1867 676 1886 710 ,
1951 637 2170 692 τοῖσιν
2228 624 2349 708 μὲν

262 759 285 797 5
315 731 487 798 ἔνθα
534 731 1115 814 διατεινομένοισι,
1170 742 1346 798 τοῖσι
1394 730 1467 797 δὲ
1515 736 1714 817 ἔνθα,
1768 734 1947 810 ὅπως
1994 729 2066 797 δὲ
2115 734 2151 798 ὁ
2200 734 2348 816 ἱμὰς

316 840 351 904 ὁ
398 840 578 924 παρὰ
623 839 743 903 τὸν
787 841 1099 923 περίνεον
1143 840 1233 922 μὴ
1277 840 1428 923 περὶ
1474 841 1596 923 τὴν
1640 840 1938 923 κεφαλὴν
1974 848 2094 904 τοῦ
2133 848 2346 924 μηροῦ

316 944 843 1030 παρεκτεταμένος
899 941 1112 1027 ἔσται,
1177 944 1345 1010 ἀλλὰ
1399 948 1652 1028 μεσηγὺ
1717 956 1833 1029 τῆς
1896 951 2187 1030 κεφαλῆς
2241 944 2346 1010 καὶ

317 1061 438 1116 τοῦ
485 1050 825 1136 περινέου·
882 1050 957 1115 έν
1010 1052 1085 1116 δὲ
1137 1060 1216 1136 τῇ
1274 1052 1623 1117 κατατάσει
1678 1053 1842 1117 κατὰ
1893 1048 2018 1134 μὲν
2073 1053 2195 1135 τὴν
2249 1076 2348 1116 κε-

209 1176 313 1223 296
336 1159 556 1242 φαλὴν
619 1167 741 1222 τοῦ
805 1166 1023 1242 μηροῦ
1089 1156 1347 1241 ἐρείσας
1388 1157 1396 1241 Ι
1437 1159 1559 1241 τὴν
1620 1160 1891 1242 πυγμὴν
1957 1157 2025 1235 ές
2087 1160 2162 1222 τὸ
2227 1155 2346 1235 ἔξω

242 1293 294 1331 10
322 1266 612 1330 ὠθείτω·
686 1265 770 1349 ἢν
825 1264 901 1329 δὲ
954 1266 1416 1349 μετεωρίζηται
1450 1262 1843 1349 ἑλκόμενος,
1905 1263 2170 1349 διέρσας
2230 1266 2348 1348 τὴν

318 1382 505 1457 χεῖρα
551 1369 662 1436 καὶ
699 1369 1111 1447 ἐπισυνάψας
1147 1381 1224 1456 τῇ
1267 1369 1450 1456 ἑτέρῃ
1489 1370 1659 1455 χειρὶ
1697 1373 1832 1454 ἅμα
1866 1371 1989 1455 μὲν
2028 1389 2350 1453 συγκατα-

317 1476 613 1559 τεινέτω,
674 1478 807 1561 ἅμα
862 1473 936 1541 δὲ
982 1475 1051 1553 ἐς
1103 1479 1178 1541 τὸ
1226 1475 1346 1553 ἔξω
1396 1475 1966 1561 συναναγκαζέτω·
2032 1479 2231 1552 ἄλλος
2277 1475 2354 1539 δέ

317 1609 417 1661 τις
475 1585 549 1648 τὸ
610 1584 787 1668 παρὰ
845 1584 920 1647 τὸ
968 1586 1136 1665 γόνυ
1198 1592 1319 1646 τοῦ
1382 1591 1597 1667 μηροῦ
1658 1583 1918 1667 ἡσύχως
1974 1582 2042 1659 ἐς
2101 1584 2175 1647 τὸ
2224 1586 2348 1647 ἔσω

318 1689 517 1775 μέρος
561 1689 1014 1774 κατορθούτω.

241 1822 290 1862 15
455 1798 557 1861 72.
605 1801 887 1880 Εἴρηται
925 1796 998 1860 δὲ
1045 1794 1153 1859 καὶ
1202 1798 1506 1880 πρόσθεν
1540 1797 1666 1878 ἤδη
1706 1795 1809 1859 ὅτι
1845 1792 2137 1877 ἐπάξιον,
2174 1794 2353 1870 ὅστις

321 1903 396 1969 έν
441 1906 629 1969 πόλει
675 1902 1191 1990 πολυανθρώπου
1240 1902 1560 1986 ἰητρεύει,
1606 1899 1812 1979 ξύλον
1847 1907 2211 1986 κεκτῆσθαι
2255 1922 2353 1965 τε-

319 2011 668 2094 τράγωνον
726 2010 814 2085 ὡς
879 2007 1163 2095 ε’ξάπηχυ
1224 2009 1264 2092 ἢ
1329 2008 1531 2096 ὀλίγῳ
1590 2007 1815 2091 μέζον,
1877 2003 2073 2092 εὖρος
2133 2003 2207 2072 δὲ
2266 2006 2352 2081 ὡς

323 2117 604 2199 δίπηχυ,
679 2116 887 2199 πάχος
957 2111 1031 2179 δὲ
1092 2114 1281 2198 ἀρκεῖ
1345 2121 1818 2196 σπιθαμιαῖον·
1901 2112 2124 2178 ἔπειτα
2190 2112 2353 2176 κατὰ

322 2231 531 2305 μῆκος
584 2221 707 2303 μὲν
767 2224 973 2285 ἔνθεν
1040 2217 1149 2284 καὶ
1207 2223 1413 2284 ἔνθεν
1479 2219 1761 2304 ἐντομὴν
1815 2222 1993 2303 ἔχειν
2046 2222 2202 2304 χρή,
2267 2219 2354 2293 ὡς

243 2357 296 2394 20
323 2330 412 2412 μὴ
447 2325 822 2410 ὑψηλοτέρη
862 2335 982 2391 τοῦ
1020 2333 1255 2410 καιροῦ
1293 2328 1335 2410 ἡ
1372 2326 1737 2410 μηχάνησις
1773 2318 1840 2410 ᾖ·
1886 2322 2112 2390 ἔπειτα
2157 2325 2355 2409 φλιὰς

325 2436 662 2519 βραχείας,
712 2434 985 2517 ἰσχυρὰς
1030 2431 1139 2497 καὶ
1188 2435 1478 2519 ἰσχυρῶς
1516 2431 2037 2516 ἐνηρμοσμένας,
2083 2431 2356 2496 ὀνίσκον

324 2539 500 2626 ἔχειν
548 2538 985 2624 ἑκατέρωθεν·
1041 2542 1265 2604 ἔπειτα
1313 2538 1500 2622 ἀρκεῖ
1543 2535 1667 2622 μὲν
1715 2537 1787 2602 ἐν
1832 2545 1924 2623 τῷ
1969 2538 2190 2620 ἡμίσει
2235 2545 2353 2601 τοῦ

218 2666 325 2713 298
349 2646 553 2725 ξύλου
587 2646 595 2730 Ι
631 2684 711 2691 -—
745 2646 948 2710 οὐδὲν
987 2645 1060 2709 δὲ
1097 2646 1337 2709 κωλύει
1373 2643 1483 2710 καὶ
1522 2646 1632 2709 διὰ
1668 2646 1914 2719 παντός
1941 2681 2029 2689 —-
2058 2642 2357 2725 έντετμῆ-

471 2810 498 2855 1
538 2802 799 2871 περινεὸν
835 2804 900 2854 ut
938 2801 1084 2855 solet
1107 2801 1158 2853 V
1239 2804 1458 2924 ξεβλημ.
1490 2801 1609 2854 MV
1717 2806 1750 2852 4
1786 2807 1931 2853 τοῖσι
1966 2799 2086 2852 MV
2195 2804 2227 2851 5
2276 2795 2352 2852 ὅκ-

328 2874 447 2927 MV
592 2879 623 2927 6
674 2874 767 2928 ἐπὶ
802 2879 869 2940 τῆ
918 2875 1133 2941 κεφαλῆ
1172 2872 1230 2924 Μ
1438 2877 1506 2923 10
1553 2869 1776 2926 ὠθεέτω
1815 2870 1975 2923 codd.
2128 2875 2190 2922 11
2240 2869 2355 2924 ἐπι-

327 2944 517 3013 ξυνοὶψ
471 2956 588 3013 ψας
615 2944 675 2996 Μ
822 2949 887 2995 12
928 2960 1339 3032 συνκαταναγκ.
1370 2942 1443 3008 Β,
1481 2943 1779 3011 ξυναναγκ.
1821 2940 1941 2994 MV
2126 2945 2190 3008 13
2230 2938 2353 2994 εἴσω

329 3014 448 3067 MV
594 3020 660 3067 15
699 3014 895 3083 εἴρηκα
933 3013 1152 3081 BFAp.
1272 3012 1381 3082 ἤδη
1423 3030 1529 3066 om
1569 3012 1688 3065 MV
1836 3017 1900 3064 16
1948 3009 2108 3066 πόλει
2146 3028 2250 3064 om.
2290 3008 2353 3071 V,

328 3084 460 3140 πόλι
500 3088 551 3137 Γ
651 3089 822 3139 πολυ-
861 3101 966 3137 om.
997 3084 1102 3152 Ap.
1216 3086 1349 3138 ante
1386 3084 1552 3148 ξύλον
1590 3083 1719 3136 add.
1759 3083 1822 3136 τὸ
1856 3086 1907 3134 Γ
2049 3087 2112 3134 17
2156 3084 2287 3135 ante
2323 3077 2355 3146 ἣ

332 3156 459 3209 add.
501 3156 604 3225 χρὴ
641 3156 753 3208 ΒΓ
899 3158 1061 3223 μειζω
1107 3155 1153 3207 Β
1308 3156 1383 3217 ὡς
1420 3171 1524 3207 om.
1564 3155 1668 3222 Ap.
1837 3158 1902 3205 18
1942 3150 2132 3242 ἀρκέει
2169 3151 2354 3216 οοᾱᾶἿ

334 3224 510 3279 -κέσει
547 3226 651 3292 Ap.
729 3226 943 3280 ἔπειτεν
980 3227 1082 3294 Ap.
1225 3231 1288 3278 19
1328 3224 1502 3293 τομὴν
1539 3224 1713 3294 MAp.
1729 3228 1799 3288 Γ,
1838 3224 1901 3277 τὸ
1940 3223 2052 3291 μὴν
2089 3223 2141 3275 V
2249 3223 2376 3280 ἐντ..

329 3294 666 3363 παραμήκεα
705 3295 979 3347 Galenum
1014 3295 1219 3364 legisse
1257 3311 1326 3349 ex
1365 3295 1763 3349 commentario
1811 3294 1931 3347 eius
1978 3293 2208 3350 conicit
2225 3293 2355 3346 Litt.

475 3364 578 3435 χρὴ
619 3380 723 3418 om.
764 3365 868 3432 Ap
1006 3371 1073 3418 20
1112 3364 1195 3434 εἴη
1225 3365 1477 3431 BMVP,
1517 3365 1577 3435 ἔη
1614 3365 1670 3418 N
1777 3364 1997 3487 μηχανὴ
2046 3361 2128 3432 ἢι·
2183 3365 2286 3433 Ap.

336 3441 400 3486 21
451 3432 693 3557 βῧθείας
738 3435 840 3501 Ap.
951 3435 1152 3504 ἐνειρμ.
1161 3386 1304 3488 ”BF
1477 3442 1543 3488 22
1582 3434 1771 3504 ἀρκέει
1810 3435 1970 3489 οο(1.(1
2157 3441 2222 3489 23
2261 3434 2357 3487 καὶ

337 3520 441 3556 om.
