2588 3876
716 155 891 206 ΠΕΡΙ
924 141 1213 207 nomn
1247 155 1608 206 ΕΜΒΟΑΗΣ
1645 157 1675 205 7
1797 149 1804 156 ’
2089 153 2217 219 119

206 322 320 377 τοῦ
356 316 726 400 βραχίονος.
798 312 1023 381 ἔπειτα
1056 317 1180 402 χρὴ
1225 318 1481 400 μεσηγὺ
1529 316 1653 381 δύο
1703 316 1963 381 στύλων
2009 333 2215 401 στρω-

202 429 360 504 τῆρα
402 422 691 505 πλάγιον
736 417 811 487 εὖ
857 422 1263 508 προσδῆσαι,
1312 424 1534 487 ἔπειτα
1578 422 2047 507 ὑπερενεγκεῖν
2090 425 2214 509 τὴν

199 537 378 612 χεῖρα
423 530 556 592 σὺν
597 535 690 617 τῷ
745 526 919 616 ξύλῳ
977 528 1141 615 ὑπὲρ
1206 538 1328 593 τοῦ
1394 539 1797 615 στρωτῆρος,
1860 530 1949 607 ὡς
2001 531 2043 615 ἡ
2088 527 2212 615 μὲν

199 630 333 718 χεὶρ
378 631 489 699 ἐπὶ
535 635 788 721 θάτερα
830 628 905 720 ᾗ,
959 633 1066 699 ἐπὶ
1111 637 1367 720 θάτερα
1411 631 1486 700 δὲ
1530 637 1605 700 τὸ
1662 647 1877 721 σῶμα,
1930 638 2095 702 κατὰ
2138 634 2214 703 δὲ

134 779 143 791 ·
196 739 313 821 τὴν
354 740 699 825 μασχάλην
745 741 782 807 6
831 744 1153 828 στρωτήρ·
1219 744 1443 806 ἔπειτα
1487 740 1595 806 ἐπὶ
1640 738 1765 827 μὲν
1804 743 2058 829 θάτερα
2091 745 2215 827 τὴν
2267 770 2292 811 ⁵

200 855 374 930 χεῖρα
417 848 937 932 καταναγκάζειν
983 850 1113 913 σὺν
1156 856 1247 937 τῷ
1286 846 1462 936 ξύλῳ
1507 847 1661 932 περὶ
1696 850 1816 914 τὸν
1853 851 2213 936 στρωτῆρα,

197 948 298 1015 ε’πὶ
341 954 598 1040 θάτερα
643 950 718 1020 δὲ
764 956 839 1020 τὸ
887 955 1049 1021 ἄλλο
1097 966 1302 1039 σῶμα.
1373 954 1547 1033 ὕψος
1592 950 1666 1019 δὲ
1710 952 1882 1039 ἔχων
1926 956 1963 1022 6
2010 973 2215 1043 στρω-

198 1059 309 1144 τὴρ
350 1060 854 1146 προσδεδέσθω,
902 1062 1067 1126 ὥστε
1112 1060 1445 1148 μετέωρον
1486 1062 1561 1126 τὸ
1608 1062 1769 1125 ἄλλο
1816 1072 2005 1147 σῶμα
2040 1058 2213 1128 εἷναι

196 1162 288 1228 ἐπ’
340 1167 569 1252 ἄκρων
626 1179 760 1232 τῶν
817 1169 1064 1235 ποδῶν.
1155 1162 1354 1245 οὗτος
1406 1167 1443 1233 6
1497 1170 1742 1254 τρόπος
1805 1169 1985 1254 παρὰ
2037 1172 2211 1233 πολὺ

195 1273 534 1356 κράτιστος
567 1272 851 1359 ἐμβολῆς
885 1274 1097 1359 ὤμου·
1143 1275 1524 1340 δικαιότατα
1559 1273 1682 1359 μὲν
1718 1275 1844 1361 γὰρ
1881 1274 2210 1358 μοχλεύει,
2240 1303 2294 1343 ιο

197 1376 274 1460 ἣν
315 1387 578 1463 μοῦνον
623 1379 918 1465 ἐσωτέρω
964 1373 1007 1467 ᾗ
1052 1382 1127 1446 τὸ
1175 1377 1379 1457 ξύλον
1418 1390 1533 1462 τῆς
1566 1386 1859 1464 κεφαλῆς
1893 1390 2014 1446 τοῦ
2050 1384 2214 1467 βρα-

196 1486 439 1566 χίονος·
503 1488 914 1553 δικαιόταται
960 1482 1035 1551 δὲ
1091 1488 1160 1552 αἱ
1224 1485 1645 1572 ἀντιρροπαί,
1696 1485 1704 1572 Ι
1754 1485 2079 1571 ἀσφαλέες
2134 1484 2210 1553 δὲ
2249 1506 2316 1555 92

194 1598 279 1677 τῷ
320 1590 528 1681 ὀστέῳ
576 1602 696 1658 τοῦ
743 1594 1114 1678 βραχίονος.
1196 1594 1277 1657 τά
1321 1588 1445 1677 μὲν
1489 1587 1616 1657 οὖν
1660 1595 1865 1678 νεαρὰ
1908 1592 2210 1678 ἐμπίπτει

196 1701 451 1763 θᾶσσον
499 1700 542 1784 ἢ
589 1700 677 1776 ὡς
722 1700 808 1763 ἄν
851 1724 952 1776 τις
998 1700 1235 1782 οἴοιτο,
1280 1697 1445 1783 πρὶν
1490 1698 1531 1782 ἢ
1576 1697 1687 1763 καὶ
1731 1700 2210 1765 κατατετάσθαι

198 1802 441 1870 δοκεῖν·
491 1804 658 1891 ἀτὰρ
695 1804 806 1870 καὶ
842 1807 922 1871 τὰ
958 1806 1206 1870 παλαιὰ
1238 1806 1454 1888 μούνη
1504 1804 1667 1888 αὕτη
1706 1815 1840 1870 τῶν
1876 1803 2211 1889 ἐμβολέων
2238 1832 2290 1874 15

200 1909 297 1994 οἴη
342 1935 412 1977 τε
459 1911 847 1998 ἐμβιβάσαι,
907 1911 993 1998 ’ἢν
1050 1913 1139 1998 μὴ
1197 1913 1326 1998 ἤδη
1385 1912 1516 1978 ὑπὸ
1576 1913 1823 1998 χρόνον
1880 1910 2041 1996 σὰρξ
2087 1907 2211 1997 μὲν

196 2013 567 2105 ἐπεληλύθῃ
615 2018 724 2085 ἐπὶ
768 2020 890 2104 τὴν
933 2020 1251 2103 κοτύλην,
1307 2020 1348 2104 ἡ
1399 2015 1475 2084 δὲ
1520 2020 1775 2104 κεφαλὴ
1819 2028 1939 2084 τοῦ
1984 2022 2212 2106 βραχιῑ·

199 2146 344 2202 ονος
395 2127 530 2210 ἤδη
590 2129 825 2212 τρίβον
885 2123 1093 2211 ἑωυτῇ
1153 2125 1557 2210 πεποιημένη
1609 2119 1652 2213 ᾗ
1708 2124 1783 2192 ἐν
1834 2133 1925 2214 τῷ
1971 2130 2209 2215 χωρίῳ,

199 2228 300 2295 ἵνα
349 2231 688 2317 ἐξεκλίθη·
752 2232 834 2297 οὐ
889 2235 1021 2317 μὴν
1079 2231 1221 2298 ἀλλ’
1275 2231 1628 2317 ἐμβάλλειν
1681 2233 1766 2297 ἄν
1819 2256 1934 2317 μοι
1988 2233 2210 2298 δοκέοι

154 2460 757 2587 -szffzwzfm,
1356 2459 1432 2584 35
1449 2458 2205 2600 μακκοᾷ-ε

262 2600 445 2657 ἔπειτα
489 2644 502 2657 .
535 2646 545 2657 .
580 2645 591 2657 .
631 2607 821 2658 δοκεῖν
868 2602 1022 2673 (1.15
1081 2619 1187 2657 om.
1227 2605 1280 2656 Γ
1419 2607 1451 2654 3
1488 2601 1591 2667 ξὺν
1637 2599 1759 2653 MV
1830 2598 1973 2664 ὅκως
2015 2599 2137 2654 MV

197 2675 228 2721 4
262 2671 320 2743 ἔῃ
347 2673 469 2728 MV
632 2679 664 2728 5
702 2673 940 2728 κᾶπειτα
1045 2673 1112 2739 V,
1164 2673 1261 2727 καὶ
1300 2673 1341 2728 ἔ.
1380 2674 1498 2796 ἐξ).
1632 2677 1663 2726 6
1701 2672 1804 2737 ξὺν
1840 2670 1961 2724 MV
2065 2671 2210 2741 πρὸς

197 2755 289 2806 pro
322 2746 450 2814 περὶ
488 2744 535 2798 Β
672 2749 702 2797 7
742 2741 800 2800 δ’
840 2744 963 2798 MV
1104 2750 1135 2797 9
1175 2744 1353 2813 ἄκρον
1443 2786 1457 2810 ,
1506 2742 1754 2812 ἐπάκρον
1790 2742 1850 2795 M
1935 2739 2027 2797 ἐπ’
2067 2741 2120 2797 ἅ.
2157 2763 2205 2798 τ.

197 2829 250 2863 π.
285 2830 387 2869 om.
424 2816 533 2886 Ap.
607 2816 905 2885 παραπολὺ
941 2815 1001 2868 M
1146 2820 1213 2868 10
1251 2815 1325 2869 ad
1361 2813 1516 2883 κράτ.
1554 2814 1591 2867 i.
1620 2832 1694 2867 m.
1724 2813 1853 2867 add.
1884 2814 2107 2884 ἰσχυρος
2131 2814 2210 2868 B'

328 2885 678 2953 δικαιότατα,
735 2888 871 2941 extr.
929 2907 968 2940 α
1020 2886 1082 2939 in
1135 2902 1262 2940 raso
1317 2885 1355 2939 1.
1412 2884 1472 2937 Μ
1782 2885 1962 2940 λεύειν
2016 2885 2062 2937 Β
2082 2886 2204 2955 Ap„

201 2971 232 3004 ν
265 2954 366 3010 del.
404 2958 481 3011 13³
626 2964 689 3012 11
730 2955 904 3027 μόνον
939 2957 1061 3010 MV
1152 2955 1394 3026 ἐσωτέρη
1425 2956 1477 3010 V
1576 2955 1638 3027 ἔῃ
1676 2904 1813 3022 MV,
1849 2949 1920 3024 ἦν
1956 2956 2061 3025 Ap.

204 3025 260 3075 12
295 3027 540 3098 ἀσφαλες
576 3030 639 3083 δε
674 3048 751 3082 τω
788 3045 980 3084 οστεον
1015 3029 1121 3097 Ap.
1269 3033 1480 3081 13—14
1518 3027 1640 3096 ἐμπ.
1677 3045 1737 3080 τε
1773 3025 1961 3081 θάσον
1996 3048 2072 3091 ως
2097 3028 2204 3097 Ap.

347 3105 414 3153 14
448 3100 586 3166 πρὶν
625 3142 637 3153 .
678 3142 690 3153 .
731 3142 743 3153 .
782 3104 900 3155 δοκ.
940 3117 1046 3153 om.
1086 3098 1191 3168 Ap.
1301 3096 1338 3167 ἢ
1383 3115 1490 3153 om.
1528 3098 1617 3164 B²‚
1666 3114 1736 3150 ss.
1772 3097 1849 3151 Β8
1954 3099 2052 3152 καὶ
2096 3115 2204 3153 om.

203 3160 312 3219 MV
396 3169 771 3225 -κατετάσθαι
804 3170 851 3224 Β
998 3175 1062 3223 15
1121 3168 1339 3225 δοκέειν
1376 3169 1535 3225 codd.
1663 3171 1819 3222 παλλ.
1857 3168 1904 3222 Β
2030 3167 2205 3240 μόνον

201 3233 295 3304 Ap·
428 3240 730 3313 ἐμβολέων,
769 3241 798 3296 έ
830 3241 891 3295 in
926 3257 1053 3295 raso
1090 3240 1155 3307 1.‚
1194 3241 1252 3294 M
1426 3246 1492 3294 16
1538 3238 1574 3308 ὴ
1621 3260 1693 3309 μη
1732 3236 1824 3308 ἥδ’
1867 3240 1977 3295 ὑπο
2015 3244 2069 3294 Γ

207 3309 265 3357 17
292 3315 546 3382 ,κεφαλην
590 3329 693 3382 pro
731 3332 847 3367 κοτ.
886 3315 939 3366 Γ
1023 3309 1094 3379 ἢν
1132 3311 1194 3367 δὲ
1231 3331 1359 3380 κεφ.
1398 3311 1495 3379 Pq.
1643 3315 1710 3364 18
1748 3309 1960 3380 ἑωυτὴν
1996 3311 2042 3363 Β
2142 3311 2204 3381 ἔῃ

204 3372 329 3448 MV}
355 3381 390 3451 ἡ
418 3387 471 3438 Γ
536 3382 611 3452 ἣν
639 3381 698 3437 δ’
728 3400 830 3454 pro
860 3382 956 3439 ἵνα
986 3387 1039 3437 Γ
1141 3388 1206 3436 19
1248 3383 1316 3436 οὐ
1345 3382 1452 3451 μὴν
1484 3426 1494 3435 .
1529 3426 1538 3435 .
1572 3425 1583 3435 .
1615 3381 1963 3437 σκευάσαντα
1990 3384 2134 3450 (120,
2150 3382 2203 3449 ὅ)

206 3461 301 3503 om.
336 3456 390 3506 Γ
486 3454 594 3525 γὰρ
631 3472 734 3524 pro
781 3452 853 3511 ἂν
899 3454 1059 3509 codd.
1096 3452 1228 3523 Ap.‚
1276 3452 1475 3522 scripsi
1522 3450 1593 3507 ἂν
1632 3454 1780 3521 (post
1827 3451 1935 3521 γὰρ
1972 3451 2101 3504 add.
2131 3448 2203 3504 ἂν

207 3528 528 3588 prunetum
563 3525 638 3597 N)
747 3523 937 3581 δοκέοι
971 3525 1036 3593 Β,
1073 3523 1179 3579 -έει
1214 3523 1312 3578 rel.
