2588 3876
385 141 470 205 62
1072 145 1245 195 ΠΕΡΙ
1279 144 1535 196 ΑΓΜΩΝ
1572 148 1621 197 9.
1654 146 1720 195 10

383 300 459 369 δὲ
512 302 874 369 ἐπιδέοντα.
963 303 1430 389 ὑποκρινέσθω
1492 302 1566 371 δὲ
1621 305 1657 371 ὁ
1714 303 2138 389 ἐπιὸεόμενος
2196 327 2411 390 παρα-

381 413 648 494 πλήσια,
695 402 804 474 οἷοὶ
846 432 968 495 περ
1008 409 1116 475 καὶ
1153 410 1229 477 ἐν
1265 423 1440 477 τοῖσι
1475 415 1902 497 κατήγμασιν,
1948 410 2057 477 καὶ
2092 410 2246 496 περὶ
2282 422 2409 477 τοῦ

382 516 733 602 πεπιέχθαι
760 516 869 581 καὶ
896 516 1048 602 περὶ
1081 527 1201 582 τοῦ
1238 524 1467 603 χαλᾶν.
1520 518 1680 601 ὑγιᾶ
1709 519 1784 583 δὲ
1810 521 2061 602 γίνεται
2081 518 2165 584 ἐν
2194 524 2412 584 εἴκοσι

385 623 666 710 ἡμέρῃσι
708 625 927 689 πάντα
966 622 1221 708 τελέως,
1255 626 1430 709 πλὴν
1475 624 1685 690 ὁπόσα
1721 635 2029 690 κοινωνεῖ
2071 635 2247 690 τοῖσι
2292 635 2416 709 τῆς

329 756 354 796 5
384 733 633 815 κνήμης
700 729 986 796 ὀστέοισι
1054 729 1192 795 κατ’
1255 732 1465 815 αὐτὴν
1524 733 1648 816 τὴν
1706 729 1850 809 ἴξιν.
1942 730 2267 816 συμφέρει
2331 732 2411 796 δὲ

379 844 806 902 κατακεῖσθαι
850 847 1090 903 τοῦτον
1126 839 1245 902 τὸν
1290 841 1560 923 χρόνον·
1608 837 1773 903 ἀλλὰ
1818 840 1943 922 γὰρ
1983 838 2066 903 οὐ
2112 843 2408 922 τολμῶσι

378 943 832 1029 ὑπερορῶντες
895 946 973 1009 τὰ
1040 946 1408 1028 νοσήματα,
1485 944 1650 1010 ἀλλὰ
1712 944 2168 1029 περιέρχονται
2239 943 2410 1030 πρὶν

377 1049 595 1133 ὑγιέες
640 1050 972 1133 γενέσθαι.
1063 1052 1174 1115 διὰ
1219 1059 1418 1115 τοῦτο
1464 1050 1576 1115 καὶ
1624 1053 1688 1116 οὶ
1743 1055 2039 1117 πλεῖστοι
2084 1051 2211 1116 οὐκ
2255 1050 2405 1129 ἐξυ-

379 1160 714 1239 γιαίνουσι
759 1155 1012 1239 τελέως,
1059 1155 1224 1222 ἄλλα
1267 1158 1586 1234 πολλάκις
1631 1158 1875 1233 αὐτοὺς
1911 1156 1947 1222 ὁ
1983 1159 2191 1234 πόνος
2235 1157 2404 1222 ὑπο-

300 1290 350 1329 10
377 1266 726 1348 μιμνήσκει
783 1264 1074 1339 εἰκότως·
1131 1263 1293 1328 ὅλον
1346 1265 1472 1349 γὰρ
1518 1265 1593 1329 τὸ
1649 1266 1857 1348 ἄχθος
1903 1264 1967 1328 οἱ
2021 1265 2222 1341 πόδες
2275 1274 2400 1329 τοῦ

379 1371 675 1453 σώματος
710 1368 992 1453 ὀχέουσι.
1066 1368 1313 1434 ὁπόταν
1340 1364 1467 1433 οὖν
1494 1372 1686 1454 μήπω
1718 1369 1934 1452 ὑγιέες
1962 1368 2179 1448 ἐόντες
2219 1371 2403 1436 ὁδοι-

374 1475 723 1561 πορέωσιν,
782 1477 1097 1561 φλαύρως
1154 1481 1585 1541 συναλθεῖται
1648 1477 1727 1541 τὰ
1787 1478 2009 1560 ἄρθρα
2070 1479 2151 1541 τα
2214 1501 2401 1561 κινη-

374 1582 597 1648 θέντα.
689 1584 800 1648 διὰ
863 1592 1062 1648 τοῦτο
1125 1584 1359 1648 ἄλλοτε
1418 1581 1527 1647 καὶ
1588 1584 1820 1648 ἄλλοτε
1882 1582 2256 1648 ὀδυνῶνται
2316 1586 2401 1649 τὰ

373 1692 538 1775 πρὸς
582 1700 660 1776 τῇ
706 1692 939 1774 κνήμῃ.

294 1821 344 1860 15
510 1796 610 1861 10.
676 1799 768 1862 Τὰ
815 1797 890 1861 δὲ
932 1794 1374 1861 κοινωνέοντα
1419 1805 1592 1860 τοῖσι
1648 1805 1763 1880 τῆς
1806 1797 2057 1880 κνήμης
2104 1796 2400 1862 ὀστέοισι

370 1904 535 1991 μέζω
582 1927 651 1969 τε
697 1914 833 1969 τῶν
881 1900 1121 1987 ἑτέρων
1166 1900 1307 1968 ἐστὶ
1352 1900 1462 1967 καὶ
1507 1901 1923 1987 κινηθέντων
1974 1902 2233 1969 τούτων
2275 1925 2400 1970 πο-

371 2009 857 2096 λυχρονιωτέρη
903 2010 943 2092 ἡ
991 2006 1271 2086 ἄλθεξις.
1355 2010 1528 2093 ἴησις
1571 2010 1694 2093 μὲν
1740 2004 1865 2074 οὖν
1910 2010 1949 2093 ἡ
1993 2010 2183 2096 αὐτή·
2231 2011 2394 2076 ὀθο-

263 2132 369 2182 452
389 2122 596 2182 νίοισι
642 2117 717 2181 δὲ
750 2119 1008 2180 πλείοσι
1048 2115 1057 2198 Ι
1097 2121 1386 2200 χρῆσθαι
1431 2113 1543 2180 καὶ
1588 2118 1905 2199 σπλήνεσι
1949 2114 2059 2181 καὶ
2106 2115 2213 2181 ἐπὶ
2257 2127 2396 2182 πᾶν

372 2226 576 2288 ἔνθεν
600 2221 711 2287 καὶ
738 2220 941 2288 ἔνθεν
969 2221 1236 2287 ἐπιδεῖν.
1294 2220 1542 2301 πιέζειν
1580 2222 1673 2305 δέ,
1710 2223 1929 2307 ὥσπερ
1965 2221 2075 2287 καὶ
2110 2225 2192 2287 τὰ
2225 2225 2395 2289 ἄλλα

291 2356 344 2395 20
369 2330 602 2413 πάντα,
629 2330 831 2414 ταύτῃ
859 2329 1158 2413 μάλιστα,
1193 2320 1238 2415 ᾗ
1274 2326 1575 2412 ἐκινήθη,
1611 2327 1721 2393 καὶ
1757 2330 1873 2405 τὰς
1910 2329 2171 2413 πρώτας
2207 2351 2394 2415 περι-

369 2437 572 2522 βολὰς
598 2447 732 2502 τῶν
758 2436 1053 2501 ὀθονίων
1078 2437 1242 2500 κατὰ
1276 2444 1484 2499 ταῦτα
1518 2441 1876 2500 ποιεῖσθαι.
1942 2434 2016 2500 ἐν
2050 2431 2124 2500 δὲ
2153 2434 2391 2521 ἑκάστῃ

510 2601 541 2648 2
570 2594 881 2664 κατήγμασι
907 2592 1028 2646 MV
1119 2598 1149 2645 3
1215 2596 1358 2648 αλαν
1379 2593 1451 2659 Β,
1486 2591 1738 2664 χαλαρὰν
1775 2586 1922 2647 εἶναι
1951 2591 2085 2657 MV,
2134 2593 2390 2663 χαλαρὸν

367 2662 513 2722 εἶναι
549 2667 647 2734 Pq.
779 2663 911 2736 ὑγία
948 2664 1023 2730 Μ,
1061 2664 1159 2734 ὑγε
1185 2684 1222 2716 α
1258 2663 1312 2717 V
1419 2663 1627 2719 εἴκοσιν
1664 2663 1784 2717 MV
1936 2668 1969 2715 4
2006 2668 2389 2728 παντατελιως

365 2738 428 2804 Β,
464 2736 658 2800 τελέως
685 2737 910 2791 ἅπαντα
939 2734 1058 2788 MV
1114 2733 1195 2789 ὁκ.
1211 2735 1371 2789 codd.
1446 2733 1734 2790 κοινωνέει
1763 2734 1922 2788 codd.
2027 2739 2058 2786 5
2087 2734 2186 2789 καὶ
2216 2734 2355 2789 αὖτέ

365 2811 479 2879 (πῇ
512 2808 577 2878 Β)
614 2816 680 2879 τῇ
719 2808 822 2873 ἰξει
859 2806 994 2876 (εἶ’ξη
1022 2806 1088 2876 Β)
1129 2805 1306 2871 codd„
1345 2805 1488 2860 κατὰ
1523 2805 1627 2875 τὴν
1666 2805 1775 2871 lgm
1812 2805 1933 2858 Gal.
1966 2821 2160 2858 comm.
2189 2756 2392 2873 XVHf,

367 2885 415 2946 2,
444 2885 568 2947 443,
604 2875 730 2933 κατ’
762 2877 938 2947 αὐτὴν
975 2878 1076 2947 τὴν
1111 2876 1221 2942 ἴξιν
1256 2877 1404 2931 Erm.
1477 2877 1644 2946 ξυμφ.
1675 2876 1794 2930 MV
1915 2882 1946 2930 6
1985 2874 2275 2945 τολμέουσι
2313 2877 2389 2944 Μ,

365 2971 426 3006 -ν
463 2949 514 3003 V
657 2956 686 3004 7
725 2950 787 3004 τὸ
825 2949 1041 3019 νόσημα
1078 2948 1198 3002 MV
1341 2953 1374 3000 8
1412 2948 1505 3013 ἐξυ
1543 2946 1822 3003 ιαίνουσιν
1857 2947 1917 3001 Μ
2054 2951 2120 3000 10
2159 2946 2389 3011 εἰκότως

367 3021 473 3075 del.
504 3021 651 3075 Erm.
773 3025 853 3074 10.
879 3026 942 3073 11
981 3039 1026 3073 τ.
1058 3020 1190 3089 σώμ.
1221 3019 1277 3074 οἱ
1311 3039 1368 3074 π.
1408 2970 1538 3072 MN?
1673 3024 1737 3072 11
1778 3017 2038 3090 ὀχέουσιν
2071 3017 2191 3071 MV
2302 3018 2389 3074 ὁκ.

365 3092 523 3147 codd.
635 3089 1060 3160 ὁδοιπορέουσιν
1096 3089 1172 3157 Μ,
1210 3089 1577 3159 ὁδοιπορέωσι
1611 3090 1662 3144 V
1805 3096 1872 3143 12
1910 3090 2280 3154 ξυναλκθεεται
2315 3090 2382 3157 Β,

364 3162 663 3218 -θιίσσεται
690 3162 809 3216 MV
871 3161 941 3216 τὰ
969 3163 1101 3215 ante
1127 3182 1233 3215 κιν.
1265 3178 1370 3215 om.
1392 3160 1514 3215 Gal.
1535 3161 1571 3214 i.
1592 3163 1632 3214 t.
1718 3167 1783 3214 13
1813 3165 2073 3216 διατοῦτο
2102 3160 2225 3214 MV
2286 3163 2390 3215 καὶ

363 3235 478 3289 ἄλλ.
509 3252 579 3289 ss.
600 3234 675 3287 13⁸
745 3236 877 3287 ante
915 3232 998 3288 ὀᾶ.
1029 3232 1157 3286 add.
1188 3231 1609 3302 ὁδοιπορέοντες
1644 3231 1883 3286 Littraei
1919 3231 2163 3285 Parisini
2189 3230 2389 3285 DHIJ

362 3303 699 3373 KLMNQ'‚
728 3321 833 3358 om.
864 3304 1292 3375 BM(arcian.)V
1317 3304 1468 3373 vulg.
1578 3308 1643 3357 16
1681 3300 1844 3372 μείζω
1875 3302 1995 3356 MV
2063 3306 2223 3356 πουλ.
2254 3302 2316 3355 M

367 3383 431 3431 17
470 3376 710 3442 ἄλθαξις
744 3375 812 3444 V,
855 3379 1138 3444 θεραπεια
1173 3374 1210 3429 i.
1239 3393 1312 3429 m.
1341 3374 1416 3427 B’
1559 3378 1625 3427 18
1671 3373 1862 3429 πλέοσι
1898 3373 2034 3441 MV,
2077 3371 2389 3428 πλείστοισι

362 3449 527 3517 Bosq.
638 3446 868 3516 ρέεσθαι
904 3446 1023 3500 MV
1094 3443 1303 3502 ἐπίπαν
1330 3445 1382 3499 V
1491 3451 1555 3500 19
1594 3444 1838 3502 ἐπιδέειν
1874 3445 2033 3500 codd.
2105 3438 2278 3499 τᾶλλα
2307 3445 2390 3512 Μ,

361 3517 413 3574 τ’
448 3469 675 3574 ἆλλαχν
818 3523 885 3572 20
924 3519 973 3572 εἰ
1008 3533 1108 3587 pro
1148 3508 1182 3590 ᾗ
1216 3518 1262 3570 Β
1409 3522 1473 3569 21
1513 3515 1811 3571 ποιέεσθαι
1847 3515 2006 3570 codd.
