2588 3876
368 137 477 187 XII
1174 137 1595 191 PRAEFATIO.

382 303 573 377 126,1
597 301 808 377 τοῖσδε,
841 305 1035 377 127,2
1060 300 1186 381 μὲν,
1206 305 1344 363 0110.
1383 303 1501 364 Sed
1519 305 1703 363 etiam
1721 322 1827 379 per
1847 322 1908 362 se
1926 304 2411 379 propriavirtute

377 392 578 451 valere
604 393 665 449 Γ
692 391 862 451 (10001
890 392 1106 451 subtile
1134 393 1282 451 artis
1315 392 1670 452 vocabulum
1695 389 2003 452 ἀτονέουσι
2030 385 2117 473 (p.
2152 395 2297 466 122,
2319 385 2411 473 3),

376 480 537 556 quod
600 480 764 539 solus
827 481 976 540 mihi
1036 482 1316 557 praebuit
1374 500 1484 558 pro
1546 482 1785 558 vulgari
1846 478 2143 541 πονέουσι.
2251 480 2413 540 Item

377 589 435 644 p.
480 571 627 643 214,
667 571 705 628 2
772 569 1081 650 κρηπῖδες,
1155 570 1313 646 quod
1376 589 1578 630 omnes
1642 570 1927 630 editiones
1987 570 2219 645 ferunt,
2288 589 2412 630 non

376 658 762 734 Hippocratis
809 678 934 718 esse
991 678 1124 718 cum
1169 660 1435 718 omnium
1480 659 1750 719 codicum
1804 677 2118 718 consensus
2163 659 2411 734 indicat,

374 750 501 807 tum
548 749 805 806 maxime
849 750 909 806 Γ
944 767 1015 806 ex
1059 767 1217 807 nova
1256 746 1580 808 Gmevenii
1622 748 1944 808 collatione
1989 747 2176 809 docet.
2249 748 2308 807 N
2311 767 2412 809 am

379 836 703 895 secundum
746 854 881 895 eam
916 835 1179 896 Galenus
1215 856 1336 896 non
1371 838 1548 897 modo
1584 838 1650 895 in
1685 838 1964 896 lemmate
2003 829 2147 917 (vol.
2184 836 2411 912 xvm,

376 925 451 1000 A,
486 945 545 999 p.
576 926 704 984 678
754 925 841 984 ed.
878 918 1138 1006 Kuehn.)
1177 925 1281 985 sed
1318 927 1501 985 etiam
1536 928 1602 984 in
1639 926 1921 986 citatione
1967 925 2204 985 subdito
2252 944 2410 985 com-

376 1015 669 1073 mentario
711 1015 945 1073 inclusa
990 1014 1272 1095 κρηπῖδες
1317 1015 1560 1076 011111111.
1641 1015 1865 1073 Verum
1908 1018 1979 1074 ut
2023 1032 2258 1074 omnem
2303 1015 2410 1074 du-

374 1102 728 1162 bitationem
773 1103 1029 1179 diluam,
1074 1106 1565 1163 commentarium
1609 1122 1681 1162 ex
1725 1102 2044 1163 Graevenii
2088 1103 2410 1163 collatione

378 1191 674 1251 adscribo:
719 1185 964 1252 Ὁποῖον
1020 1189 1127 1270 μὲν
1180 1191 1424 1273 ῥυθμὸν
1471 1186 1635 1272 εἶχον
1690 1191 1758 1252 αἱ
1806 1214 1922 1271 χιοι
1974 1192 2256 1273 κρηπῖδες
2297 1190 2412 1272 οὐχ

377 1272 508 1340 οἷόν
552 1301 611 1340 τε
656 1289 880 1359 γνῶναι
916 1289 1140 1359 σαφῶς.
1223 1278 1364 1342 οὐδὲ
1399 1279 1510 1362 γὰρ
1545 1275 1675 1341 κατ’
1717 1278 1900 1342 αυτὸν
1935 1279 2019 1341 ἔτι
2061 1279 2166 1342 τὸν
2202 1274 2410 1341 Ἱππο-

375 1367 600 1448 κράτην
663 1367 915 1441 ἐσώζετο.
1027 1368 1126 1431 διὰ
1187 1377 1361 1430 τοῦτο
1425 1378 1576 1450 γοῦν
1636 1362 1823 1430 εἶπεν·
1887 1362 2042 1430 οἷον
2099 1369 2184 1429 αἱ
2236 1372 2410 1429 Χῖαι

378 1456 666 1537 ῥυθμὸν
710 1451 932 1537 εἶχον,
978 1458 1311 1538 δυνάμενος
1355 1458 1542 1519 εἰπεῖν
1586 1457 1837 1538 εχουσιν.
1917 1455 2174 1536 εὔδηλον
2220 1452 2275 1519 δ’
2319 1457 2412 1519 ὅτι

376 1545 443 1606 τὸ
490 1544 738 1625 συνέχον
784 1544 890 1625 μὲν
922 1544 1185 1629 ἀκριβῶς
1220 1547 1326 1609 τὸν
1368 1547 1554 1626 πόδα,
1602 1546 1683 1625 μὴ
1721 1548 1941 1625 θλῖβον
1978 1544 2043 1608 δὲ
2079 1546 2182 1608 τὸν
2215 1556 2412 1627 χρῶτα

376 1639 501 1707 τοῖς
546 1634 1072 1714 διαπλασσομένοις
1107 1636 1372 1708 παιδίοις
1407 1635 1876 1714 ἐπιτηδειότατόν
1911 1634 2069 1696 ἐστιν
2104 1633 2410 1715 ὑπόδημα,

374 1722 520 1783 ὥστε
574 1723 725 1805 πρὸς
778 1724 1025 1798 τούτους
1077 1723 1435 1804 ἀποβλέπων
1485 1747 1573 1798 τις
1624 1747 1765 1797 τους
1824 1724 2084 1797 σκόπονς
2136 1721 2238 1784 καὶ
2290 1732 2412 1786 νῦν

370 1809 453 1872 «ἂν
517 1812 798 1873 δύναιντο
860 1820 1054 1875 ποιεῖν
1126 1812 1410 1892 ὑπόδημα
1471 1813 1759 1895 χρήσιμον
1817 1810 1966 1874 ἄνευ
2036 1821 2144 1873 τοῦ
2216 1814 2410 1891 ζητεῖν

372 1899 584 1964 ὁποῖαί
633 1924 786 1975 τινες
841 1893 996 1982 ἦσαν
1044 1903 1118 1963 αῖ
1165 1905 1312 1964 Χῖαι
1365 1903 1663 1985 κρηπῖδες.
1755 1902 1915 1980 Ergo
1959 1901 2251 1978 Galenus,
2303 1903 2411 1964 ubi

376 1992 572 2051 verbis
630 1992 1013 2070 Hippocratis
1071 1995 1290 2068 utitur,
1348 2012 1469 2052 11011
1523 1992 1759 2052 exbibet
1800 1992 2119 2080 κρηπῖδες,
2173 1993 2279 2052 ubi
2329 1993 2410 2052 de

376 2099 487 2139 3110
533 2083 985 2158 interpretatur,
1024 2082 1282 2141 adhibet.
1358 2081 1641 2158 Sequitur
1684 2065 1966 2162 κρηπῖδες
2009 2101 2132 2142 11011
2175 2082 2412 2158 Hippo-

379 2172 560 2229 010113
608 2188 757 2245 0330,
803 2172 904 2230 3οᾶ
951 2189 1022 2230 ex
1067 2169 1280 2231 Galeni
1326 2170 1749 2230 commentario
1796 2170 2050 2229 1110111111.

512 2258 608 2317 Ad
646 2278 742 2333 ea,
777 2279 930 2335 quae
962 2260 1041 2319 de
1078 2260 1279 2320 codice
1316 2252 1649 2341 M(arciano
1680 2252 1837 2340 269)
1879 2262 1946 2317 in
1972 2260 2412 2338 prolegomenis

381 2339 524 2428 (vol.
545 2348 594 2422 Ι,
621 2368 678 2423 p.
698 2342 932 2430 XVIII)
960 2348 1254 2426 Ilbergius
1282 2347 1640 2424 disputavit,
1665 2348 1764 2408 hic
1800 2348 2038 2407 videtur
2073 2347 2410 2407 addendum

378 2437 442 2494 in
504 2437 617 2496 hac
680 2437 939 2497 editione
995 2438 1257 2513 primum
1322 2456 1457 2496 eum
1515 2437 1850 2498 adhibitum
1910 2456 2033 2496 esse
2092 2436 2168 2495 ad
2226 2438 2414 2497 verba

377 2524 655 2585 Mochlici
719 2526 1148 2585 constituenda.
1257 2526 1417 2585 Nam
1489 2529 1672 2585 etiam
1735 2525 1894 2601 apud
1957 2525 2412 2600 Petrequinium

375 2616 553 2675 huius
617 2614 834 2674 codicis
914 2615 1194 2675 Mochlici
1264 2615 1441 2694 longe
1513 2616 1917 2692 antiquissimi
1987 2616 2158 2673 varia
2226 2614 2412 2673 lectio

377 2705 604 2763 frustra
643 2705 964 2779 quaeritur.
1040 2703 1310 2764 Contulit
1348 2724 1481 2763 eum
1515 2704 1581 2762 in
1617 2722 1789 2763 usum
1824 2721 2018 2761 meum
2060 2700 2128 2761 Ο.
2168 2703 2414 2764 Tuesel-

375 2812 558 2852 mann
602 2792 1099 2870 Havelbergensis
1113 2838 1130 2867 ‚
1176 2793 1248 2852 de
1294 2790 1559 2869 Oppiani
1604 2792 1963 2852 carminibus
2009 2792 2133 2850 iam
2175 2792 2412 2867 pridem

378 2881 600 2956 optime
645 2882 922 2956 meritus,
965 2883 1059 2941 vir
1093 2881 1381 2959 probatae
1417 2883 1702 2941 scientiae
1737 2884 1800 2940 et
1842 2880 2252 2956 liberalitatiS,
2295 2900 2414 2958 pro

379 2989 498 3046 quo
544 2970 739 3030 officio
784 2972 1074 3030 maximas
1120 2972 1347 3048 gratias
1392 2973 1578 3029 etiam
1621 2988 1781 3029 nunc
1807 2973 1883 3044 ⁴ei
1928 2971 2217 3046 persolvo.

512 3058 820 3134 Sequitur,
864 3063 935 3118 ut
980 3060 1051 3118 de
1098 3060 1354 3119 dialecto
1398 3077 1593 3136 pauca
1638 3059 1867 3118 addam.
1949 3059 2108 3117 Nam
2152 3057 2412 3118 forsitan

378 3147 677 3223 quispiam
722 3149 989 3224 miretur,
1034 3149 1195 3224 quod
1239 3152 1304 3207 in
1350 3147 1578 3207 duobus
1613 3147 1912 3224 prioribus
1958 3147 2127 3207 libris
2175 3144 2412 3225 ὁκόσος,

374 3233 618 3314 ὁκόταν,
674 3235 854 3315 ὅκως,
907 3239 973 3295 111
1016 3236 1444 3312 posterioribus
1491 3233 1599 3297 ὀπ-
1644 3237 1996 3312 scripserim.
2087 3236 2290 3311 Atque
2338 3255 2410 3296 ex

378 3344 447 3384 ea
492 3326 626 3401 ipsa
669 3346 761 3401 10,
809 3327 966 3402 quod
1004 3326 1078 3385 ab
1123 3326 1300 3385 initio
1336 3326 1659 3384 voluminis
1695 3326 1832 3384 illas
1878 3325 2099 3384 formas
2144 3327 2408 3401 recipere

376 3434 494 3473 non
520 3414 821 3489 dubitavi,
847 3416 1189 3493 intellegat,
1228 3417 1516 3491 quantam
1541 3413 1718 3472 fidem
1743 3416 1937 3491 primo
1968 3413 2051 3473 eis
2078 3412 2406 3473 habuerim.
2495 3489 2500 3494 Ι
2575 3403 2576 3408 ’

378 3502 492 3562 Sed
536 3506 660 3563 iam
703 3506 769 3562 in
813 3504 966 3563 libro
980 3549 995 3579 ,
1038 3506 1148 3579 qui
1190 3505 1284 3563 est
1328 3504 1401 3562 de
1447 3502 1662 3579 capitis
1706 3500 2076 3577 vulneribuS,
2122 3501 2264 3561 illae
2310 3522 2408 3562 me
