2588 3876
751 146 923 196 ΠΕΡΙ
957 145 1248 198 ΑΡΘΡῼΝ
1285 146 1645 197 mfflofflz
1682 148 1750 196 47
2132 144 2259 209 179

224 305 331 371 ἐπὶ
376 307 456 371 τὸ
505 306 773 391 ὕβωμα,
826 309 951 391 τὴν
1005 305 1062 372 δ’
1112 304 1342 392 ἑτέρην
1395 316 1584 393 χεῖρα
1635 304 2130 391 προσεπιθέντα
2182 307 2260 372 τὸ

220 412 440 499 θέναρ
492 422 608 497 τῆς
654 411 873 499 ἑτέρης
928 414 1148 498 χειρὸς
1190 414 1706 497 καταναγκάζειν
1749 412 2261 499 προσσυνιέντα,

219 523 304 604 ἥν
351 544 430 585 τε
477 518 548 596 ἐς
593 521 714 585 ἰθὺ
761 520 825 597 ές
868 521 946 585 τὸ
982 520 1156 585 κάτω
1201 521 1464 605 πεφύκῃ
1502 520 2129 604 καταναγκάζεσθαι,
2173 522 2262 604 ἢν

217 650 291 692 τε
335 627 517 712 πρὸς
569 636 684 711 τῆς
735 631 1056 712 κεφαλῆς,
1113 628 1203 710 ἥν
1256 651 1329 692 τε
1385 627 1554 714 πρὸς
1606 638 1742 691 τῶν
1798 629 2045 712 ἰσχίων.
2148 625 2261 692 καὶ

218 734 623 818 ἀσινεστάτη
660 731 783 818 μὲν
820 734 984 818 αὕτη
1021 734 1062 818 ἡ
1102 734 1382 817 ἀνάγκη·
1438 731 1661 810 ἀσινὲς
1696 731 1772 799 δὲ
1805 735 1917 798 καὶ
1952 732 2260 799 ἐπικαθέ-
2314 759 2338 800 5

218 844 469 920 ζεσθαί
506 864 658 906 τινα
702 839 806 905 ἐπὶ
851 840 926 905 τὸ
973 842 1259 925 κύφωμα
1294 841 1502 905 αὐτοῦ
1540 841 1673 925 ἅμα
1706 840 2261 926 κατατεινομένου

215 946 328 1013 καὶ
409 945 701 1012 ἐνσεῖσαι
768 946 1311 1034 μετεωρισθέντα.
1412 947 1573 1031 ἀτὰρ
1637 948 1746 1011 καὶ
1803 946 2110 1030 ἐπιβῆναι
2175 954 2267 1036 τῷ

215 1055 387 1120 ποδὶ
433 1055 545 1118 καὶ
590 1053 918 1139 ὀχηθῆναι
964 1052 1070 1120 ἐπὶ
1115 1055 1188 1119 τὸ
1236 1055 1524 1138 κύφωμα
1558 1052 1821 1137 ἡσύχως
1853 1076 1926 1119 τε
1972 1053 2262 1120 έπενσεῖ-

217 1178 332 1226 σαι
400 1156 607 1225 οὐδὲν
660 1163 918 1226 κωλύει.
1008 1162 1082 1226 τὸ
1150 1170 1466 1227 τοιοῦτον
1527 1157 1602 1225 δὲ
1655 1169 1928 1244 ποιῆσαι
1981 1163 2262 1247 μετρίως

215 1267 599 1351 ἐπιτήδειος
626 1268 711 1331 ἄν
736 1291 838 1344 τις
865 1274 965 1351 εἴη
1002 1279 1138 1332 τῶν
1184 1268 1353 1352 ἀμφὶ
1389 1270 1802 1352 παλαίστρην
1838 1266 2258 1353 εἰθισμένων.
2289 1294 2340 1334 ιο

216 1374 655 1457 δυνατωτάτη
683 1373 912 1458 μέντοι
936 1384 1073 1438 τῶν
1101 1373 1445 1458 ἀναγκέων
1473 1373 1681 1458 ἐστίν,
1721 1376 1779 1439 εἰ
1818 1374 1853 1440 ὁ
1889 1370 2015 1458 μὲν
2040 1385 2259 1459 τοῖχος

215 1478 701 1564 ἐντετμημένος
752 1479 793 1563 ἢ
846 1481 922 1545 τὸ
980 1478 1182 1558 ξύλον
1238 1482 1314 1545 τὸ
1370 1480 1989 1567 κατορωρυγμένον,
2049 1473 2091 1569 ᾗ
2154 1480 2259 1547 ἐν·

214 1586 564 1671 τέτμηται,
627 1586 968 1672 κατωτέρω
1034 1592 1135 1671 εἴη
1207 1596 1324 1670 τῆς
1388 1586 1615 1672 ῥάχιος
1683 1597 1805 1652 τοῦ
1868 1587 2258 1673 ἀνθρώπου,

215 1693 452 1781 ὁπόσῳ
498 1692 585 1758 ἂν
630 1694 789 1778 δοκῇ
835 1695 1115 1778 μετρίως
1157 1690 1369 1777 ἔχειν,
1426 1694 1615 1769 σανὶς
1670 1690 1745 1757 δὲ
1793 1696 2113 1779 φιλυρίνη
2168 1696 2258 1779 μὴ
2301 1691 2326 1704 ⁸

216 1800 430 1882 λεπτὴ
478 1798 654 1880 ἐνείη
701 1799 742 1883 ἢ
787 1801 897 1865 καὶ
943 1802 1151 1865 ἄλλου
1195 1800 1380 1877 τινὸς
1425 1798 1628 1878 ξύλου
1645 1819 1661 1835 ·
1724 1796 1946 1865 ἔπειτα
1992 1798 2098 1865 ἐπὶ
2134 1797 2258 1884 μὲν
2286 1825 2337 1866 1⁶

215 1907 294 1973 τὸ
326 1906 570 1991 ῧβωμα
597 1904 930 1992 ἐπιτεθείη
960 1906 1000 1991 ἢ
1039 1908 1316 1993 τρύχιόν
1342 1931 1405 1974 τι
1433 1908 1860 1992 πολύπτυχον
1894 1906 1935 1991 ἢ
1975 1909 2257 1992 σμικρόν

176 2066 184 2071 .
215 2039 285 2079 τι
325 2014 651 2080 σκύτινον
674 2014 1205 2099 ὑποκεφάλαιον·
1250 2016 1339 2092 ὡς
1367 2014 1673 2100 ἐλάχιστα
1698 2016 1831 2099 μὴν
1856 2014 2257 2080 ὑποκεῖσθαι

218 2119 577 2205 συμφέρει,
621 2123 834 2205 μόνον
867 2125 1444 2208 προμηθεόμενον,
1482 2123 1571 2199 ὡς
1610 2120 1619 2209 Ι
1659 2124 1746 2206 μὴ
1791 2122 1832 2206 ἡ
1879 2122 2067 2198 σανὶς
2101 2121 2234 2186 ὑπὸ
2257 2138 2360 2186 208

219 2228 671 2312 σκληρότητος
728 2227 984 2311 ὀδύνην
1038 2230 1217 2313 παρὰ
1279 2229 1517 2314 καιρὸν
1576 2228 2029 2314 προσπαρέχη·
2093 2229 2257 2293 κατὰ

219 2332 363 2411 ἴξιν
409 2330 485 2397 δὲ
538 2329 705 2400 ἔστω
753 2334 841 2410 ὡς
884 2335 1165 2416 μάλιστα
1219 2344 1297 2419 τῇ
1345 2334 1582 2421 ἐντομῇ
1629 2344 1706 2420 τῇ
1754 2332 1821 2410 ἐς
1864 2335 1984 2400 τὸν
2027 2345 2255 2419 τοῖχον
2283 2361 2335 2401 20

374 2460 403 2507 1
443 2454 554 2509 ὑπὸ
589 2472 690 2525 pro
729 2456 822 2509 ἐπὶ
856 2455 917 2508 Μ
1031 2456 1128 2510 καὶ
1163 2455 1265 2524 τὴν
1303 2455 1375 2511 ἑτ.
1414 2478 1463 2545 χ.
1500 2475 1594 2523 πρ.
1633 2456 1726 2509 ἐπὶ
1758 2455 1861 2524 τὴν
1900 2453 2091 2525 ἑτέρην
2127 2474 2248 2509 κατ.

220 2525 349 2579 MV
476 2532 507 2580 2
544 2528 734 2594 προσξ.
775 2527 933 2580 codd.
1063 2532 1094 2580 5
1133 2528 1510 2596 ἀσθενεστάτῃ
1539 2527 1642 2597 Ap.
1745 2526 1885 2595 αὐτὴ
1922 2525 1968 2578 Β
2066 2525 2103 2594 ἡ
2142 2542 2249 2580 om.

220 2596 332 2665 Ap.
444 2596 639 2665 ἀσινὴς
664 2598 767 2666 Ap.
871 2597 940 2666 δὴ
978 2614 1078 2667 pro
1112 2596 1174 2653 δὲ
1201 2597 1300 2665 Pq.
1447 2605 1494 2652 5.
1527 2604 1559 2651 6
1596 2596 1787 2661 καθέζ.
1816 2597 1921 2666 Ap.
2068 2601 2104 2648 6
2150 2606 2251 2652 τοῦ

221 2685 329 2737 pro
365 2668 542 2722 αὐτοῦ
580 2667 700 2720 MV
847 2673 876 2721 7
924 2686 1206 2723 επεσεισαι
1242 2669 1347 2738 Ap.
1514 2674 1546 2722 8
1598 2669 1679 2740 ὀχ.
1725 2669 1790 2723 τὸ
1836 2677 1990 2736 σῶμα
2027 2668 2124 2722 καὶ
2160 2667 2249 2736 ήσ.

224 2738 503 2792 ἐπισεῖσαι
538 2740 641 2809 Ap.
752 2738 816 2794 δὲ
850 2757 950 2809 pro
986 2759 1045 2794 τε
1081 2740 1127 2793 Β
1271 2746 1304 2793 9
1341 2740 1403 2794 τὸ
1442 2757 1548 2796 om.
1587 2741 1691 2808 Ap.
1800 2748 2022 2793 τοιοῦτο
2059 2738 2180 2793 MV

226 2814 296 2863 10
346 2812 623 2880 παλεστρη
658 2810 764 2879 Ap.
912 2816 975 2863 11
1030 2813 1423 2880 δυνατωτάτην
1475 2812 1575 2881 μὲν
1622 2807 1725 2866 οὖν
1759 2829 1805 2865 τ.
1853 2812 1956 2879 Ap.
2075 2811 2252 2881 ἀναγ-

223 2876 407 2934 καίων
442 2881 671 2951 BMAp.
820 2887 885 2934 12
923 2884 1054 2950 post
1088 2882 1480 2952 ἐπιτετμημένος
1516 2883 1643 2937 add.
1684 2882 1770 2953 εἴη
1805 2882 1852 2934 Β
1959 2880 2125 2952 τύχος
2161 2901 2250 2937 εν-

222 2970 474 3020 τετμιται
517 2971 580 3006 το
626 2953 792 3017 ξυλον
836 2972 911 3007 τω
956 2973 1158 3020 κατωρ.
1196 2954 1300 3022 Ap.
1411 2949 1446 3026 ᾖ
1481 2970 1583 3023 pro
1620 2952 1655 3022 ἢ
1694 2953 1814 3006 MV
1931 2953 1994 3007 τὸ
2032 2953 2095 3008 δὲ
2134 2953 2247 3017 ξύλ.

224 3021 359 3076 MV·
470 3024 598 3091 post
642 3016 678 3096 ᾗ
722 3024 850 3078 add.
899 3026 963 3078 δε
1007 3024 1077 3090 Β,
1135 3025 1244 3078 del.
1283 3025 1358 3077 13²
1503 3030 1568 3078 13
1614 3033 1714 3079 τοῦ
1762 3025 1931 3093 ἀνθρ.
1978 3031 2080 3093 τῆς
2123 3021 2248 3096 ᾇάχ.

227 3093 331 3162 Ap.
516 3099 584 3146 14
639 3112 841 3149 οκωσοι
885 3094 982 3162 Βῑ,
1029 3097 1165 3148 mut.
1212 3095 1273 3148 in
1321 3094 1467 3150 ὅκωσ
1512 3113 1598 3151 σοι
1642 3096 1731 3162 Β3,
1781 3104 2013 3150 οπωσῶν
2060 3098 2250 3151 δοκεοι

227 3164 360 3233 Ap.,
400 3163 483 3219 ὁκ.
523 3166 625 3219 oet.
755 3165 924 3238 δοκέῃ
963 3167 1122 3220 codd.
1252 3165 1315 3221 δὲ
1352 3184 1457 3222 om.
1495 3169 1599 3236 Ap.
1765 3172 1831 3220 15
1886 3166 1970 3236 εἴη
2008 3168 2112 3236 Ap.

230 3233 402 3291 ἔπειτ’
435 3237 539 3305 Ap.
688 3241 752 3291 16
790 3235 825 3305 ἢ
862 3237 1016 3306 prius
1054 3238 1111 3291 et
1145 3256 1199 3291 τι
1226 3240 1465 3306 utroque
1500 3240 1624 3293 loco
1653 3256 1758 3292 om.
1788 3239 1891 3307 Ap.
1991 3238 2248 3320 τρύχειον

229 3305 277 3358 Β
393 3327 503 3376 μικ.
543 3306 774 3377 MVAp.
922 3314 985 3362 17
1023 3328 1078 3361 τι
1116 3326 1222 3362 om.
1261 3310 1366 3379 Ap.
1493 3331 1575 3379 γρ.
1614 3310 1713 3364 καὶ
1750 3309 2071 3364 ἐπικεῖσθαι
2107 3327 2144 3361 1.
2174 3325 2248 3360 m.

231 3376 290 3430 M
362 3378 680 3434 ἐπικεῖσθαι
716 3380 819 3448 Ap.
977 3384 1042 3432 18
1081 3380 1248 3449 ξυμφ.
1289 3381 1449 3434 eodd.
1532 3384 1881 3450 προμηθευμ.
1919 3380 1982 3445 Β,
2021 3376 2247 3445 -θευόμ,

234 3448 336 3517 Ap.
448 3447 599 3511 ὅπως
632 3450 736 3518 Ap.
885 3456 950 3503 19
995 3450 1407 3523 προσπαρέχειν
1442 3452 1513 3518 Β,
1560 3471 1670 3524 -χει
1708 3451 1793 3518 Μ,
1838 3448 1984 3517 παρέ
2020 3468 2104 3503 ειν
2140 3448 2244 3514 Ap.

339 3527 423 3575 19.
455 3525 522 3573 20
560 3541 655 3574 και
690 3521 877 3585 ταξειν
914 3521 977 3576 δὲ
1015 3522 1089 3585 ὡς
1124 3521 1245 3591 μάλ.
1285 3543 1347 3576 εν
1383 3531 1458 3576 τῶ
1486 3541 1551 3591 τη
1589 3541 1800 3591 εντωμη
1836 3541 1903 3588 τη
1941 3540 1966 3573 ε
1994 3539 2022 3580 ς
2055 3519 2159 3585 Ap.

1821 3609 1923 3660 12*
