2588 3876
426 161 558 226 204
932 165 1107 214 ΠΕΡΙ
1141 163 1432 216 ΑΡΘΡΩΝ
1469 163 1825 214 ΕΜΒΟΛΗΣ
1863 166 1932 214 58

425 327 546 390 τὸν
605 326 766 389 κατὰ
825 328 984 401 τοὺς
1041 327 1394 407 βουβῶνας
1453 325 1560 388 καὶ
1624 332 1714 411 τῷ
1767 322 1968 411 ἑτέρῳ
2030 323 2249 388 σκέλει
2296 324 2437 387 κατὰ

426 432 549 514 τὴν
588 432 831 514 ἰγνύην
866 429 1351 515 ἑπισυγκάμψῃ.
1434 427 1543 494 ἐπὶ
1591 429 1665 494 δὲ
1701 429 1964 506 τούτοις
2010 429 2434 513 ἀναγκάζεται,

427 537 590 602 ὥστε
634 546 713 622 τῇ
760 535 930 622 χειρὶ
975 547 1052 622 τῇ
1109 538 1273 601 κατὰ
1333 539 1407 602 τὸ
1465 537 1745 621 σιναρὸν
1790 534 2024 611 σκέλος
2078 534 2436 621 ἐρείδεσθαι

424 642 491 719 ἐς
536 645 610 708 τὸ
658 645 794 708 ἀνω
841 653 962 708 τοῦ
998 652 1215 727 μηροῦ
1254 641 1358 728 ἐφ’
1407 641 1642 728 ἑκάστῃ
1692 643 2035 727 συμβάσει.
2111 643 2436 726 ἀναγκάζει

371 775 396 815 5
426 745 554 815 οὖν
610 775 675 815 τι
727 749 837 816 καὶ
892 759 1092 815 τοῦτο
1159 750 1321 815 αὐτὸ
1370 751 1536 815 ὥστε
1600 750 2017 831 κάμπτεσθαι
2080 751 2245 814 κατὰ
2297 752 2436 825 τοὺς

423 859 798 940 βουβῶνας·
866 856 942 922 ἑν
996 859 1120 943 γὰρ
1175 867 1253 943 τῇ
1309 861 1679 941 μεταλλαγῇ
1734 867 1872 921 τῶν
1928 856 2215 921 σκελέων
2259 856 2328 921 ἐν
2366 865 2433 941 τῇ

424 964 772 1048 ὁδοιπορίῃ
831 964 911 1029 οὐ
968 964 1248 1030 δύναται
1302 964 1377 1028 τὸ
1435 975 1621 1045 σῶμα
1677 962 1982 1047 ὀχεῖσθαι
2039 962 2147 1028 ἐπὶ
2192 973 2309 1028 τοῦ
2351 980 2434 1027 σι-

320 1085 425 1133 250
444 1080 657 1156 ναροῦ
704 1070 995 1153 σκέλεος,
1053 1071 1137 1154 ἣν
1182 1072 1270 1155 μὴ
1326 1068 1990 1156 προσκατερείΙδηται
2045 1071 2121 1135 τὸ
2179 1072 2433 1154 σιναρὸν

425 1179 592 1261 πρὸς
648 1179 773 1261 τὴν
829 1186 959 1260 γῆν
1016 1177 1148 1241 ὑπὸ
1210 1188 1326 1261 τῆς
1382 1180 1629 1262 χειρός,
1690 1176 1800 1241 ἅτε
1863 1177 1985 1260 οὐχ
2040 1177 2432 1261 ὑφεστεῶτος

345 1309 397 1350 10
424 1294 546 1349 τοῦ
576 1285 841 1368 ἄρθρου
868 1284 1000 1349 ὑπὸ
1031 1291 1122 1371 τῷ
1155 1284 1428 1368 σώματι,
1468 1282 1610 1348 ἀλλ’
1655 1282 1722 1360 ἐς
1757 1288 2129 1349 τούπισθεν
2158 1282 2431 1361 ἐξεστεῶ-

424 1413 535 1466 τος
571 1392 735 1454 κατὰ
769 1392 845 1454 τὸ
877 1391 1110 1474 ἰσχίον.
1185 1392 1347 1455 ἄνευ
1385 1392 1508 1474 μὲν
1529 1385 1664 1456 οὖν
1692 1388 1895 1466 ξύλου
1925 1391 2248 1455 δύνανται
2277 1391 2432 1455 ὁδοι-

423 1506 658 1582 πορεῖν
703 1497 767 1560 oz
813 1505 1135 1579 τοιοῦτοι,
1190 1495 1277 1580 ἣν
1333 1499 1546 1574 ἄλλως
1599 1495 2010 1563 ἐθισθέωσιν
2067 1498 2179 1561 διὰ
2233 1507 2430 1577 τοῦτο,

426 1603 528 1667 ὅτι
587 1603 627 1686 ἡ
686 1603 880 1686 βάσις
942 1613 1064 1673 τοῦ
1124 1604 1333 1680 ποδὸς
1389 1606 1552 1669 κατὰ
1614 1605 1738 1687 τὴν
1797 1603 2078 1688 ἀρχαίην
2127 1605 2431 1688 ἰθυωρίην

368 1703 382 1715 “
425 1708 637 1792 ἐστίν,
685 1709 827 1775 ἀλλ’
874 1710 998 1774 οὐκ
1045 1708 1114 1786 ἐς
1157 1712 1232 1775 τὸ
1280 1707 1401 1789 ἔξω
1441 1710 1890 1796 ἐκκεκλιμένη·
1945 1711 2059 1775 διὰ
2094 1720 2287 1775 τοῦτο
2321 1703 2431 1774 οὖν
2534 1736 2535 1797 ᾗ

346 1841 396 1881 15
429 1815 633 1881 οὐδὲν
670 1816 934 1882 δέονται
970 1827 1084 1902 τῆς
1122 1816 1649 1893 ἀντικοντώσιος.
1725 1816 1873 1882 ὅσοι
1909 1815 2139 1900 μέντοι
2175 1818 2428 1900 βούλον-

423 1947 531 1987 ται
577 1921 725 1988 ἀντὶ
771 1933 887 2009 τῆς
931 1933 1052 1989 τοῦ
1107 1933 1326 2009 μηροῦ
1384 1922 1700 2008 έπιλαβῆς
1752 1924 1883 1990 ὑπὸ
1938 1925 2062 2008 τὴν
2117 1925 2430 2009 μασχάλην

424 2031 548 2113 τὴν
605 2030 770 2094 κατὰ
829 2032 903 2095 τὸ
975 2032 1252 2115 σιναρὸν
1321 2031 1552 2108 σκέλος
1618 2030 2094 2113 ὑποτιθέμενοι
2160 2035 2429 2095 σκίπωνα

425 2135 868 2220 ἀντερείδειν,
933 2147 1144 2202 κεῖνοι
1199 2140 1257 2203 εἰ
1314 2135 1437 2220 μὲν
1499 2141 1909 2223 μακρότερον
1971 2139 2092 2203 τὸν
2156 2142 2429 2202 σκίπωνα

424 2240 923 2327 ὑποτιθέοιντο,
987 2243 1342 2330 ὀρθότεροι
1396 2244 1518 2326 μὲν
1574 2245 2171 2329 ὁδοιπορήσουσιν,
2232 2251 2316 2331 τῷ
2367 2236 2427 2304 δὲ

345 2377 398 2416 20
425 2347 584 2414 ποδὶ
630 2350 796 2435 πρὸς
839 2352 962 2433 τὴν
1007 2361 1136 2433 γῆν
1181 2351 1306 2415 οὐκ
1352 2350 1747 2436 ἐρείδονται·
1818 2352 1878 2415 εἰ
1925 2348 1984 2414 δ’
2040 2346 2125 2415 αὖ
2172 2352 2426 2433 βούλον-

423 2481 531 2522 ται
577 2455 955 2542 ἐρείδεσθαι
999 2466 1090 2544 τῷ
1129 2460 1316 2540 ποδί,
1363 2459 1777 2543 βραχύτερον
1811 2458 1935 2539 μὲν
1971 2458 2046 2522 τὸ
2089 2457 2288 2536 ξύλον
2323 2479 2420 2539 φο-

426 2564 691 2649 ρητέον,
739 2566 902 2629 κατὰ
949 2565 1022 2630 δὲ
1067 2567 1224 2640 τοὺς
1268 2567 1621 2648 βουβῶνας
1666 2562 2319 2650 ἐπισυγκάμπτεσθαι
2358 2560 2426 2624 ἂν

426 2669 569 2735 δέοι
617 2672 880 2748 αὐτούς.
954 2682 1089 2736 τῶν
1137 2672 1210 2736 δὲ
1258 2682 1526 2755 σαρκῶν
1581 2672 1648 2735 αὶ
1694 2673 2092 2753 μινυθήσιες
2137 2673 2295 2735 κατὰ
2337 2670 2427 2733 λό-

426 2800 549 2859 γον
613 2780 915 2860 γίνονται
978 2776 1089 2842 καὶ
1159 2778 1452 2860 τούτοις,
1527 2778 1745 2862 ὥσπερ
1809 2780 2113 2861 πρόσθεν
2177 2783 2425 2861 εἴρηται·
2524 2781 2530 2890 ἒ

568 2905 598 2951 2
656 2898 1066 2969 ἐπιξυγκάμψει
1101 2889 1154 2952 V
1274 2899 1458 2953 ἐπειδὲ
1496 2898 1541 2951 Β
1665 2898 1966 2968 τούτοισι(ν
2003 2899 2146 2967 Μῆν
2193 2896 2306 2950 MV

426 2974 459 3020 4
496 2969 652 3040 ξυμβ.
692 2970 853 3023 codd.
1003 2976 1034 3023 6
1071 2972 1201 3039 post
1238 2974 1377 3025 σκελ.
1418 2970 1545 3023 add.
1586 2971 1684 3024 καὶ
1718 2970 1765 3023 Β
1912 2975 1940 3023 7
1991 2970 2020 3024 ὀ
2058 2968 2127 3025 έε.
2166 2968 2317 3022 codd.

426 3044 457 3091 8
495 3057 879 3109 προσκαρτερη
918 3045 987 3109 δη
1024 3061 1118 3094 ται
1147 3042 1192 3095 Β
1312 3046 1380 3094 10
1417 3040 1554 3096 ἀλλὰ
1582 3041 1642 3093 Μ
1748 3041 1812 3095 τὸ
1852 3040 1940 3095 ὄπ.
2050 3042 2103 3095 V
2221 3046 2280 3093 11
2317 3034 2422 3107 μέν·

423 3129 512 3164 τοι
547 3128 649 3179 pro
687 3111 786 3180 μὲν
824 3109 925 3167 οὖν
954 3111 1074 3165 MV
1196 3115 1328 3167 ante
1366 3112 1476 3177 ξύλ.
1509 3112 1635 3166 add.
1674 3120 1774 3166 τοῦ
1812 3111 1932 3166 MV
2082 3118 2164 3166 11.
2199 3116 2261 3163 12
2299 3109 2420 3162 ὁδοι-
2524 3147 2525 3176 ;

426 3180 649 3248 πορέειν
678 3183 858 3250 codd.‚
895 3181 1120 3249 πορέειν
1149 3201 1254 3238 om.
1286 3183 1380 3248 M„
1419 3184 1545 3237 add.
1577 3183 1612 3235 i.
1642 3201 1714 3236 m.
1745 3183 1832 3235 Μ’
1943 3190 2007 3236 12
2039 3183 2307 3237 έθισθῶσι
2331 3173 2420 3231 MV

537 3257 601 3303 13
640 3254 881 3322 εὐθυωρ.
911 3254 957 3306 Β
1105 3261 1171 3308 14
1210 3254 1613 3323 ἐκκεκλημένην
1649 3254 1695 3306 Β
1778 3250 1881 3308 οὖν
1919 3271 2026 3309 om.
2056 3255 2102 3307 Β
2246 3257 2307 3305 15
2340 3250 2418 3302 ἀν-

425 3318 766 3389 τίσηκώσηος
791 3324 840 3376 V
952 3329 1018 3377 16
1055 3333 1154 3394 τῆς
1181 3342 1287 3379 om.
1319 3325 1365 3378 B
1476 3331 1540 3378 17
1581 3324 1798 3386 σκέλεος
1823 3325 1869 3378 Β
1981 3330 2047 3379 18
2085 3323 2156 3393 ἢν
2184 3321 2349 3386 codd„
2381 3315 2420 3370 εἰ
2522 3389 2523 3392 ¹

425 3390 573 3443 Erm.
669 3397 735 3443 19
764 3391 1171 3462 ὁδοιπορήσωσι
1191 3396 1266 3460 Μ,
1296 3396 1551 3450 -o'ovenV
1641 3401 1709 3449 20
1738 3394 1810 3464 ἢν
1838 3397 1884 3449 Β
1978 3403 2061 3450 21.
2085 3402 2151 3449 22
2188 3390 2418 3461 ποιητέον
2520 3425 2525 3452 i

426 3478 529 3528 pro
560 3480 686 3528 φορ.
718 3462 838 3516 MV
962 3471 1027 3518 22
1067 3466 1205 3531 ἐπιξ.
1244 3466 1364 3520 MV
1492 3474 1558 3520 24
1586 3469 1866 3522 τούτοισιν
1895 3470 1949 3536 (ν
1978 3468 2105 3522 add.
2127 3467 2232 3536 Μ’)
2259 3461 2363 3517 MV

429 3533 562 3583 ante
599 3530 849 3598 πρόσθεν
887 3534 1015 3588 add.
1053 3537 1151 3590 καὶ
1187 3537 1307 3589 MV
