2588 3876
675 153 865 214 ΠΕΡΙ,
883 153 1174 206 ΑΡΘΡΩΝ
1209 155 1570 206 ΕΜΒΟΛΗΣ
1609 158 1656 206 3.
1687 158 1720 205 4
2074 155 2201 219 115

196 310 624 398 ἐναρμόσσον·
674 313 1193 398 ἐπιτηδειόταται
1240 312 1315 380 δὲ
1360 318 1428 381 αὶ
1474 317 1651 382 πάνυ
1698 315 1967 401 σμικραὶ
2007 326 2201 401 σφαῖ-

193 445 296 504 ραι
354 420 462 485 καὶ
524 424 831 508 σκληραί,
901 414 1037 486 οἷαι
1094 419 1169 487 ἐκ
1226 426 1496 488 πολλῶν
1561 422 1855 488 σκυτέων
1919 423 2202 508 ῥάπτον-

189 546 317 591 ται·
379 526 466 611 ἣν
511 528 636 613 γὰρ
690 531 779 612 μή
831 552 894 593 τι
948 536 1257 594 τοιοῦτον
1311 527 1638 614 ἑγκέηται,
1695 531 1775 595 οὐ
1832 531 2112 595 δύναται
2155 529 2197 615 ἡ

184 633 420 720 πτέρνη
480 636 813 701 ἱκνεῖσθαι
875 637 1040 721 πρὸς
1100 638 1225 720 τὴν
1288 638 1584 722 κεφαλὴν
1646 645 1765 701 τοῦ
1819 639 2198 723 βραχίονος·

183 741 719 825 κατατεινομένης
754 743 880 829 γὰρ
917 752 1033 826 τῆς
1076 744 1296 829 χειρὸς
1339 746 1742 808 κοιλαίνεται
1786 745 1827 827 ἡ
1873 745 2198 828 μασχάλη·
2252 768 2277 809 5
2380 772 2390 784 ·

183 849 242 911 οἱ
297 850 424 935 γὰρ
490 847 792 925 τένοντες
852 849 918 914 οἱ
981 846 1186 915 ἔνθεν
1249 848 1360 914 καὶ
1425 852 1629 915 ἔνθεν
1691 859 1807 934 τῆς
1866 851 2200 935 μασχάλης

182 952 724 1039 ἀντισφίγγοντες
759 952 1054 1021 ἐναντίοι
1090 958 1281 1022 εἰσίν.
1347 958 1472 1041 χρὴ
1511 955 1591 1020 δέ
1620 980 1771 1022 τινα
1806 954 1914 1021 ἐπὶ
1949 958 2201 1042 θάτερα

179 1069 289 1125 τοῦ
323 1060 880 1143 κατατεινομένου
914 1065 1301 1147 καθήμενον
1336 1061 1633 1148 κατέχειν
1676 1064 1840 1127 κατὰ
1886 1063 2005 1128 τὸν
2040 1062 2199 1146 ὑγιᾶ

180 1162 379 1252 ὦμον,
440 1170 531 1245 ὡς
575 1169 662 1252 μὴ
708 1166 1124 1253 περιέλκηται
1166 1171 1242 1234 τὸ
1290 1180 1475 1251 σῶμα
1520 1179 1635 1253 τῆς
1679 1171 1897 1255 χειρὸς
1940 1178 2056 1252 τῆς
2102 1184 2202 1234 σι-

180 1286 376 1361 ναρῆς
423 1272 534 1341 ἐπὶ
589 1275 840 1361 θάτερα
893 1274 1299 1359 τεινομένης·
1354 1278 1575 1341 ἔπειτα
1630 1276 1899 1359 ἱμάντος
1942 1280 2199 1358 μαλθα-
2227 1303 2280 1343 10

179 1391 291 1446 κοῦ
354 1382 605 1458 πλάτος
669 1383 936 1466 ἔχοντος
1001 1384 1262 1465 ἱκανόν,
1319 1382 1478 1447 ὅταν
1540 1383 1581 1466 ἡ
1644 1392 1895 1468 σφαῖρα
1958 1380 2197 1469 ἐντεθῇ

176 1484 238 1563 ἐς
287 1490 410 1572 τὴν
469 1488 839 1572 μασχάλην,
894 1487 1046 1575 περὶ
1100 1489 1223 1572 τὴν
1281 1499 1575 1574 σφαῖραν
1636 1488 2197 1574 περιβεβλημένου

177 1602 288 1658 τοῦ
353 1595 629 1676 ἱμάντος
691 1592 802 1659 καὶ
876 1593 1293 1679 κατέχοντος,
1367 1596 1737 1678 λαβόμενον
1809 1594 2199 1680 ἀμφοτέρων

176 1711 301 1765 τῶν
356 1700 618 1786 ἀρχέων
679 1710 800 1766 τοῦ
868 1701 1136 1786 ἱμάντος
1199 1699 1757 1766 ἀντικατατείνειν
1819 1703 1968 1765 τινὰ
2029 1697 2198 1787 ὑπὲρ

178 1812 465 1891 κεφαλῆς
500 1817 618 1873 τοῦ
666 1806 1218 1890 κατατεινομένου
1258 1809 1641 1891 καθήμενον
1676 1814 1766 1894 τῷ
1802 1805 1960 1871 ποδὶ
1996 1823 2199 1893 προσ·
2226 1832 2280 1874 15

175 1914 374 1997 βάντα
430 1914 598 2000 πρὸς
661 1923 781 1980 τοῦ
847 1912 1183 2001 ἄκρωμίου
1248 1915 1323 1980 τὸ
1392 1911 1641 1980 ὀστέον.
1731 1913 1772 1998 ἡ
1819 1909 1894 1979 δὲ
1949 1923 2199 2001 σφαῖρα

177 2020 257 2098 ὡς
300 2020 606 2086 ἐσωτάτω
652 2020 764 2086 καὶ
810 2022 899 2099 ὡς
942 2023 1224 2103 μάλιστα
1278 2023 1445 2107 πρὸς
1498 2033 1632 2086 τῶν
1683 2019 2024 2106 πλευρέων
2067 2024 2199 2086 κεί-

179 2133 314 2192 σθω
361 2126 474 2192 καὶ
519 2128 607 2211 μὴ
654 2128 786 2193 ὑπὸ
833 2137 911 2214 τῇ
958 2132 1210 2214 κεφαλῇ
1256 2137 1378 2193 τοῦ
1425 2131 1796 2213 βραχίονος.

295 2235 356 2298 4.
395 2233 629 2299 ’Ἑστιν
675 2231 751 2299 δὲ
796 2234 906 2299 καὶ
954 2236 1116 2318 άλλη
1167 2233 1434 2318 ἐμβολή,
1484 2235 1572 2311 ὡς
1611 2238 2093 2319 κατωμίζουσιν
2131 2233 2198 2311 ἐς

177 2338 413 2425 ὀρθόν·
475 2339 641 2424 μέζω
697 2340 924 2421 μέντοι
978 2342 1100 2426 χρὴ
1150 2336 1324 2405 εἶναι
1370 2342 1489 2405 τὸν
1534 2344 2008 2423 κατωμίζοντα,
2056 2342 2197 2405 δια-
2225 2368 2277 2406 20

308 2468 335 2514 1
380 2461 727 2531 ἐναρμοστον
765 2462 857 2529 ΒῙ,
893 2464 1030 2515 mut.
1069 2463 1130 2516 in
1168 2483 1283 2516 -ττ-
1320 2462 1410 2526 B⁸‚
1450 2461 1726 2530 -άρμοσον
1753 2465 1818 2527 Γ,
1869 2459 2041 2516 -όσων
2069 2461 2194 2529 Ap.,

177 2529 400 2599 -μόττον
438 2532 574 2600 MV,
614 2550 733 2588 -σσ-
771 2532 892 2587 Gal.
922 2532 997 2587 ib.
1075 2531 1529 2603 ἐπιτηδειότατον
1565 2532 1687 2586 MV
1716 2531 1839 2586 Gal.
1869 2531 1964 2599 ih„
2005 2532 2194 2601 ἐπιτη-

173 2605 424 2658 διοταται
462 2608 514 2657 Γ
600 2603 660 2658 αἱ
698 2621 804 2658 om.
843 2609 896 2659 Γ
928 2603 1050 2658 Gal.
1089 2604 1164 2658 ib.
1241 2606 1434 2675 μικραὶ
1471 2604 1530 2656 Μ
1639 2612 1687 2657 1.
1727 2609 1757 2657 2
1799 2620 2194 2673 σμικρεσσφαι-

174 2693 292 2740 ραις
329 2678 595 2744 σκληραις
630 2679 683 2729 Γ
749 2674 902 2731 πάνυ
941 2675 1001 2730 αἱ
1038 2677 1233 2745 μικκαὶ
1271 2693 1365 2745 σφ.
1396 2674 1457 2729 αἱ
1495 2678 1605 2730 σκλ.
1644 2676 1748 2744 Ap.
1879 2680 1909 2727 2
1949 2674 2046 2728 καὶ
2083 2691 2189 2728 om.

173 2742 287 2799 Gal.
325 2746 402 2799 ib.
490 2742 613 2801 οἷον
640 2747 772 2816 Ap.,
811 2744 934 2801 οῖον
971 2745 1031 2800 αἱ
1058 2751 1111 2801 Γ
1179 2747 1239 2801 ἐκ
1267 2755 1379 2801 τῶν
1407 2749 1557 2800 πολλ.
1598 2763 1679 2800 σκ.
1718 2746 2014 2826 BMAp.P
2078 2753 2191 2800 τῶν

174 2831 272 2869 om.
292 2815 344 2869 V
420 2817 480 2872 ἐκ
508 2826 619 2871 τῶν
647 2815 914 2872 ποικίλων
943 2835 1024 2870 σκ.
1046 2816 1172 2870 Wb.
1205 2817 1413 2871 collata
1441 2816 1630 2886 glossa
1648 2816 1940 2884 Hesychil:
1979 2815 2187 2871 πάλλα·

172 2896 380 2955 σφαῖρα
411 2888 472 2943 ἐκ
499 2886 766 2943 ποικίλων
795 2886 1057 2958 ναμάτων
1096 2889 1151 2957 (l.
1191 2887 1501 2957 δερμάτων)
1536 2886 1895 2957 πεποιημένη.
1972 2905 2187 2956 σφαιρα
2260 2910 2264 2915 ’

171 2960 483 3028 δερματινει
500 2958 537 3012 i.
553 2959 716 3011 m.B2
776 2960 974 3013 πολλαὶ
995 2959 1055 3013 ἐκ
1073 2967 1184 3013 τῶν
1204 2957 1447 3013 σκυτέων
1466 2959 1613 3028 vulg.
1708 2964 1738 3010 3
1767 2956 1838 3027 ἢν
1861 3002 1871 3012 .
1892 3002 1902 3013 .
1926 2999 1939 3012 .
1961 2957 2188 3031 βραχίο-

172 3048 265 3091 νος
281 3029 337 3098 (l.
362 3031 449 3100 18)
470 3034 651 3084 om.P
711 3030 1015 3085 §xx.BMV
1115 3037 1148 3084 4
1175 3030 1451 3097 πτέρναΒ
1525 3027 2187 3096 ἰκνέε.οο<1ᾱ.,.εἰσελθεῖν

170 3097 205 3151 i.
231 3117 302 3153 m.
333 3100 408 3153 B²
517 3106 546 3153 7
578 3099 979 3164 ἀντιτείνοντες
1005 3117 1106 3169 pro
1137 3101 1359 3170 ἀντισφ.
1389 3101 1440 3154 V
1539 3099 1785 3156 ἐναντίοι
1822 3101 2091 3170 expunxit
2128 3104 2186 3155 et

171 3169 337 3226 αἴτιοι
365 3189 433 3229 ss,
471 3171 546 3224 Β3
619 3171 724 3228 εἰσί
759 3171 879 3226 MV
1004 3178 1034 3224 9
1082 3170 1243 3240 ὑγιέα
1272 3172 1430 3226 codd.
1554 3177 1621 3225 10
1667 3172 1743 3241 ἰμ.
1781 3174 1847 3225 ut
1884 3172 2027 3226 solet
2062 3172 2113 3225 V

174 3245 233 3293 11
263 3242 412 3305 ets-V
521 3249 585 3297 12
618 3242 864 3313 σφαίρην
883 3243 1003 3297 MV
1113 3249 1179 3295 13
1214 3252 1315 3298 τοῦ
1345 3242 1574 3313 ἱμάντος
1611 3243 1717 3296 del.
1740 3243 1867 3298 Wb.
1944 3244 2187 3312 ἀμφοτε-
2238 3289 2243 3295 .

171 3309 310 3378 ρέων
328 3314 438 3368 MV
511 3321 579 3368 14
597 3316 782 3385 ἀρχῶν
802 3313 922 3368 MV
996 3319 1062 3367 16
1079 3312 1384 3369 τοστέονΜ
1439 3312 1648 3384 σφαίρη
1669 3314 1780 3367 MV
1847 3320 1912 3367 17
1932 3317 2184 3380 πλευρῶν

171 3381 215 3434 Β
316 3383 381 3438 18
409 3386 521 3440 ὑπὸ
539 3385 642 3455 τὴν
660 3386 915 3456 κεφαλὴν
928 3386 994 3452 Β,
1024 3386 1116 3440 ἐπὶ
1141 3393 1208 3454 τῆ
1237 3388 1452 3455 κεφαλὴ
1475 3384 1708 3453 MVAp.
1786 3384 1986 3456 ἐμβολὴ
2019 3402 2192 3436 κατω-

173 3451 422 3521 μίζοντος
446 3456 534 3510 tit.
563 3456 600 3510 i.
622 3475 693 3510 m.
725 3457 784 3509 M
858 3462 922 3510 19
954 3458 1066 3511 ἔστι
1086 3456 1271 3510 MVP
1340 3454 1521 3523 ὥσπερ
1540 3455 1645 3523 Ap.
1721 3451 2193 3524 κατωμίζουσι(ν’>

175 3523 232 3576 M
358 3532 424 3579 20
464 3526 678 3596 ὀρθΞόν
717 3527 774 3580 Μ
873 3531 1275 3597 κατωμιζουσιν
1323 3527 1402 3588 εἰς
1446 3527 1757 3593 ἄνθρωπον
1793 3529 1847 3579 Γ
1914 3522 2051 3591 μέζω
2089 3560 2100 3571 ·
2134 3561 2144 3571 -
2178 3559 2191 3570 -

1805 3610 1877 3661 8*
