<?xml version="1.0" encoding="UTF-8"?>
<!DOCTYPE html PUBLIC "-//W3C//DTD XHTML 1.0 Transitional//EN"
    "http://www.w3.org/TR/xhtml1/DTD/xhtml1-transitional.dtd">
<html xmlns="http://www.w3.org/1999/xhtml" xml:lang="en" lang="en">
 <head>
  <title>
</title>
<meta http-equiv="Content-Type" content="text/html;charset=utf-8" />
  <meta name='ocr-system' content='tesseract 3.04.00' />
  <meta name='ocr-capabilities' content='ocr_page ocr_carea ocr_par ocr_line ocrx_word'/>
</head>
<body>
  <div class='ocr_page' id='page_1' title='image "./operaqvaefervnt00ilbegoog_0090.png"; bbox 0 0 2588 3876; ppageno 0'>
   <div class='ocr_carea' id='block_1_1' title="bbox 386 144 1665 209">
    <p class='ocr_par' dir='ltr' id='par_1_1' title="bbox 386 144 1665 209">
     <span class='ocr_line' id='line_1_1' title="bbox 386 144 1665 209; baseline -0.009 0"><span class='ocrx_word' id='word_1_1' title='bbox 386 144 478 209; x_wconf 78' lang='lat'><strong><em>60</em></strong></span> <span class='ocrx_word' id='word_1_2' title='bbox 1128 146 1665 199; x_wconf 66' lang='grc' dir='ltr'>ΠΕΡΙΑΓΜῼΝΒ</span> 
     </span>
    </p>
   </div>
   <div class='ocr_carea' id='block_1_2' title="bbox 294 303 2433 2310">
    <p class='ocr_par' dir='ltr' id='par_1_2' title="bbox 390 303 2427 713">
     <span class='ocr_line' id='line_1_2' title="bbox 390 303 2424 395; baseline -0 -23"><span class='ocrx_word' id='word_1_3' title='bbox 390 308 822 391; x_wconf 78' lang='grc' dir='ltr'><strong><em>κατορθώσας</em></strong></span> <span class='ocrx_word' id='word_1_4' title='bbox 875 307 952 372; x_wconf 75' lang='grc' dir='ltr'><strong><em>δὲ</em></strong></span> <span class='ocrx_word' id='word_1_5' title='bbox 995 316 1194 395; x_wconf 25' lang='grc' dir='ltr'><strong><em>τοῖσι,</em></strong></span> <span class='ocrx_word' id='word_1_6' title='bbox 1222 305 1506 393; x_wconf 74' lang='grc' dir='ltr'><strong><em>θέναρσι</em></strong></span> <span class='ocrx_word' id='word_1_7' title='bbox 1550 309 1625 372; x_wconf 89' lang='grc' dir='ltr'><strong><em>τὸ</em></strong></span> <span class='ocrx_word' id='word_1_8' title='bbox 1680 305 1928 372; x_wconf 79' lang='grc' dir='ltr'><strong><em>ὀστέον.</em></strong></span> <span class='ocrx_word' id='word_1_9' title='bbox 2020 306 2296 392; x_wconf 62' lang='grc' dir='ltr'><strong><em>ῥηιδίως</em></strong></span> <span class='ocrx_word' id='word_1_10' title='bbox 2341 303 2424 371; x_wconf 71' lang='grc' dir='ltr'><strong><em>δὲ</em></strong></span> 
     </span>
     <span class='ocr_line' id='line_1_3' title="bbox 392 411 2427 498; baseline -0 -20"><span class='ocrx_word' id='word_1_11' title='bbox 392 414 909 497; x_wconf 81' lang='grc' dir='ltr'><strong><em>κατορθώσεται·</em></strong></span> <span class='ocrx_word' id='word_1_12' title='bbox 972 411 1197 497; x_wconf 76' lang='grc' dir='ltr'><strong><em>ἀγαθὴ</em></strong></span> <span class='ocrx_word' id='word_1_13' title='bbox 1240 414 1368 498; x_wconf 72' lang='grc' dir='ltr'><strong><em>γὰρ</em></strong></span> <span class='ocrx_word' id='word_1_14' title='bbox 1414 414 1455 498; x_wconf 80' lang='grc' dir='ltr'>ἡ</span> <span class='ocrx_word' id='word_1_15' title='bbox 1495 413 1881 497; x_wconf 83' lang='grc' dir='ltr'><strong><em>κατάτασις,</em></strong></span> <span class='ocrx_word' id='word_1_16' title='bbox 1925 415 2012 496; x_wconf 84' lang='grc' dir='ltr'><strong><em>ἤν</em></strong></span> <span class='ocrx_word' id='word_1_17' title='bbox 2054 436 2157 490; x_wconf 86' lang='grc' dir='ltr'><strong><em>τις</em></strong></span> <span class='ocrx_word' id='word_1_18' title='bbox 2201 417 2427 490; x_wconf 78' lang='grc' dir='ltr'><strong><em>καλῶς</em></strong></span> 
     </span>
     <span class='ocr_line' id='line_1_4' title="bbox 393 519 2424 605; baseline 0 -20"><span class='ocrx_word' id='word_1_19' title='bbox 393 520 983 604; x_wconf 74' lang='grc' dir='ltr'><strong><em>παρασκευάσηται.</em></strong></span> <span class='ocrx_word' id='word_1_20' title='bbox 1065 523 1287 586; x_wconf 86' lang='grc' dir='ltr'><strong><em>ἔπειτα</em></strong></span> <span class='ocrx_word' id='word_1_21' title='bbox 1331 520 1633 586; x_wconf 81' lang='grc' dir='ltr'><strong><em>ἐπιδείτω</em></strong></span> <span class='ocrx_word' id='word_1_22' title='bbox 1670 522 1787 598; x_wconf 91' lang='grc' dir='ltr'><strong><em>τάς</em></strong></span> <span class='ocrx_word' id='word_1_23' title='bbox 1820 543 1892 586; x_wconf 91' lang='grc' dir='ltr'><strong><em>τε</em></strong></span> <span class='ocrx_word' id='word_1_24' title='bbox 1928 519 2132 605; x_wconf 80' lang='grc' dir='ltr'><strong><em>ἀρχὰς</em></strong></span> <span class='ocrx_word' id='word_1_25' title='bbox 2174 522 2424 603; x_wconf 71' lang='grc' dir='ltr'><strong><em>βαλλό-</em></strong></span> 
     </span>
     <span class='ocr_line' id='line_1_5' title="bbox 393 625 2422 713; baseline 0.001 -23"><span class='ocrx_word' id='word_1_26' title='bbox 393 649 592 711; x_wconf 86' lang='grc' dir='ltr'><strong><em>μενος</em></strong></span> <span class='ocrx_word' id='word_1_27' title='bbox 638 625 745 691; x_wconf 80' lang='grc' dir='ltr'><strong><em>ἐπὶ</em></strong></span> <span class='ocrx_word' id='word_1_28' title='bbox 790 628 865 690; x_wconf 90' lang='grc' dir='ltr'><strong><em>τὸ</em></strong></span> <span class='ocrx_word' id='word_1_29' title='bbox 910 628 1206 711; x_wconf 84' lang='grc' dir='ltr'><strong><em>κάτηγμα</em></strong></span> <span class='ocrx_word' id='word_1_30' title='bbox 1249 626 1361 692; x_wconf 82' lang='grc' dir='ltr'><strong><em>καὶ</em></strong></span> <span class='ocrx_word' id='word_1_31' title='bbox 1405 629 1611 692; x_wconf 74' lang='grc' dir='ltr'><strong><em>τᾶλλα</em></strong></span> <span class='ocrx_word' id='word_1_32' title='bbox 1655 628 1869 692; x_wconf 83' lang='grc' dir='ltr'><strong><em>πάντα</em></strong></span> <span class='ocrx_word' id='word_1_33' title='bbox 1915 629 2135 713; x_wconf 81' lang='grc' dir='ltr'><strong><em>ὥσπερ</em></strong></span> <span class='ocrx_word' id='word_1_34' title='bbox 2180 629 2422 712; x_wconf 73' lang='grc' dir='ltr'><strong><em>πρότε·</em></strong></span> 
     </span>
    </p>

    <p class='ocr_par' dir='ltr' id='par_1_3' title="bbox 294 731 2433 2310">
     <span class='ocr_line' id='line_1_6' title="bbox 342 731 2427 820; baseline 0.001 -23"><span class='ocrx_word' id='word_1_35' title='bbox 342 758 367 797; x_wconf 73' lang='lat'><strong>5</strong></span> <span class='ocrx_word' id='word_1_36' title='bbox 396 757 521 820; x_wconf 93' lang='grc' dir='ltr'><strong><em>ρον</em></strong></span> <span class='ocrx_word' id='word_1_37' title='bbox 546 732 915 818; x_wconf 82' lang='grc' dir='ltr'><strong><em>παρῃνέθη,</em></strong></span> <span class='ocrx_word' id='word_1_38' title='bbox 951 733 1277 818; x_wconf 83' lang='grc' dir='ltr'><strong><em>χειριζέτω</em></strong></span> <span class='ocrx_word' id='word_1_39' title='bbox 1314 731 1425 799; x_wconf 83' lang='grc' dir='ltr'><strong><em>καὶ</em></strong></span> <span class='ocrx_word' id='word_1_40' title='bbox 1461 733 1842 820; x_wconf 83' lang='grc' dir='ltr'><strong><em>ἐρωτήματα</em></strong></span> <span class='ocrx_word' id='word_1_41' title='bbox 1872 733 2077 799; x_wconf 80' lang='grc' dir='ltr'><strong><em>ταύτὰ</em></strong></span> <span class='ocrx_word' id='word_1_42' title='bbox 2113 731 2427 818; x_wconf 75' lang='grc' dir='ltr'><strong><em>ἐρωτάτω</em></strong></span> 
     </span>
     <span class='ocr_line' id='line_1_7' title="bbox 392 837 2426 926; baseline 0 -21"><span class='ocrx_word' id='word_1_43' title='bbox 392 838 503 905; x_wconf 83' lang='grc' dir='ltr'><strong><em>καὶ</em></strong></span> <span class='ocrx_word' id='word_1_44' title='bbox 551 843 875 924; x_wconf 87' lang='grc' dir='ltr'><strong><em>σημείοισι</em></strong></span> <span class='ocrx_word' id='word_1_45' title='bbox 912 843 1185 925; x_wconf 77' lang='grc' dir='ltr'><strong><em>χρήσθω</em></strong></span> <span class='ocrx_word' id='word_1_46' title='bbox 1229 851 1452 906; x_wconf 91' lang='grc' dir='ltr'><strong><em>τοῖσιν</em></strong></span> <span class='ocrx_word' id='word_1_47' title='bbox 1486 840 1812 925; x_wconf 83' lang='grc' dir='ltr'><strong><em>αὐτοῖσιν,</em></strong></span> <span class='ocrx_word' id='word_1_48' title='bbox 1858 841 1917 905; x_wconf 82' lang='grc' dir='ltr'><strong><em>εἰ</em></strong></span> <span class='ocrx_word' id='word_1_49' title='bbox 1958 842 2240 926; x_wconf 79' lang='grc' dir='ltr'><strong><em>μετρίως</em></strong></span> <span class='ocrx_word' id='word_1_50' title='bbox 2283 837 2426 925; x_wconf 81' lang='grc' dir='ltr'><strong><em>ἔχει</em></strong></span> 
     </span>
     <span class='ocr_line' id='line_1_8' title="bbox 395 944 2426 1031; baseline 0 -20"><span class='ocrx_word' id='word_1_51' title='bbox 395 947 434 1031; x_wconf 77' lang='grc' dir='ltr'><em>ἢ</em></span> <span class='ocrx_word' id='word_1_52' title='bbox 463 948 572 1012; x_wconf 79' lang='grc' dir='ltr'><strong><em>οὔ·</em></strong></span> <span class='ocrx_word' id='word_1_53' title='bbox 609 945 720 1011; x_wconf 83' lang='grc' dir='ltr'><strong><em>καὶ</em></strong></span> <span class='ocrx_word' id='word_1_54' title='bbox 758 948 870 1011; x_wconf 79' lang='grc' dir='ltr'><strong><em>διὰ</em></strong></span> <span class='ocrx_word' id='word_1_55' title='bbox 905 950 1128 1031; x_wconf 82' lang='grc' dir='ltr'><strong><em>τρίτης</em></strong></span> <span class='ocrx_word' id='word_1_56' title='bbox 1164 945 1470 1012; x_wconf 77' lang='grc' dir='ltr'><strong><em>ἐπιδείτω</em></strong></span> <span class='ocrx_word' id='word_1_57' title='bbox 1514 944 1624 1011; x_wconf 83' lang='grc' dir='ltr'><strong><em>καὶ</em></strong></span> <span class='ocrx_word' id='word_1_58' title='bbox 1661 945 1769 1012; x_wconf 79' lang='grc' dir='ltr'><strong><em>ἐπὶ</em></strong></span> <span class='ocrx_word' id='word_1_59' title='bbox 1804 950 2061 1031; x_wconf 82' lang='grc' dir='ltr'><strong><em>μᾶλλον</em></strong></span> <span class='ocrx_word' id='word_1_60' title='bbox 2095 949 2426 1027; x_wconf 78' lang='grc' dir='ltr'><strong><em>πιεζείτω·</em></strong></span> 
     </span>
     <span class='ocr_line' id='line_1_9' title="bbox 392 1051 2428 1138; baseline -0 -20"><span class='ocrx_word' id='word_1_61' title='bbox 392 1052 504 1118; x_wconf 84' lang='grc' dir='ltr'><strong><em>καὶ</em></strong></span> <span class='ocrx_word' id='word_1_62' title='bbox 549 1051 909 1137; x_wconf 81' lang='grc' dir='ltr'><strong><em>ἑβδομαῖον</em></strong></span> <span class='ocrx_word' id='word_1_63' title='bbox 952 1053 995 1137; x_wconf 80' lang='grc' dir='ltr'><em>ἢ</em></span> <span class='ocrx_word' id='word_1_64' title='bbox 1040 1052 1350 1118; x_wconf 80' lang='grc' dir='ltr'><strong><em>ἐναταῖον</em></strong></span> <span class='ocrx_word' id='word_1_65' title='bbox 1394 1052 1470 1119; x_wconf 79' lang='grc' dir='ltr'><strong><em>ἐν</em></strong></span> <span class='ocrx_word' id='word_1_66' title='bbox 1512 1052 1801 1138; x_wconf 82' lang='grc' dir='ltr'><strong><em>νάρθηξι</em></strong></span> <span class='ocrx_word' id='word_1_67' title='bbox 1845 1053 2130 1137; x_wconf 85' lang='grc' dir='ltr'><strong><em>δησάτω,</em></strong></span> <span class='ocrx_word' id='word_1_68' title='bbox 2174 1052 2284 1118; x_wconf 83' lang='grc' dir='ltr'><strong><em>καὶ</em></strong></span> <span class='ocrx_word' id='word_1_69' title='bbox 2335 1054 2428 1138; x_wconf 77' lang='grc' dir='ltr'><strong><em>ἢν</em></strong></span> 
     </span>
     <span class='ocr_line' id='line_1_10' title="bbox 393 1159 2429 1245; baseline 0 -21"><span class='ocrx_word' id='word_1_70' title='bbox 393 1160 775 1245; x_wconf 81' lang='grc' dir='ltr'><strong><em>ὑποπτεύσῃ</em></strong></span> <span class='ocrx_word' id='word_1_71' title='bbox 804 1160 892 1244; x_wconf 84' lang='grc' dir='ltr'><strong><em>μὴ</em></strong></span> <span class='ocrx_word' id='word_1_72' title='bbox 930 1164 1145 1236; x_wconf 78' lang='grc' dir='ltr'><strong><em>καλῶς</em></strong></span> <span class='ocrx_word' id='word_1_73' title='bbox 1179 1166 1446 1238; x_wconf 81' lang='grc' dir='ltr'><strong><em>κεῖσθαι</em></strong></span> <span class='ocrx_word' id='word_1_74' title='bbox 1481 1161 1555 1225; x_wconf 92' lang='grc' dir='ltr'><strong><em>τὸ</em></strong></span> <span class='ocrx_word' id='word_1_75' title='bbox 1594 1159 1849 1244; x_wconf 84' lang='grc' dir='ltr'><strong><em>ὀστέον,</em></strong></span> <span class='ocrx_word' id='word_1_76' title='bbox 1884 1163 2138 1244; x_wconf 80' lang='grc' dir='ltr'><strong><em>μεσηγὺ</em></strong></span> <span class='ocrx_word' id='word_1_77' title='bbox 2173 1161 2429 1225; x_wconf 88' lang='grc' dir='ltr'><strong><em>τούτου</em></strong></span> 
     </span>
     <span class='ocr_line' id='line_1_11' title="bbox 318 1264 2429 1352; baseline -0 -20"><span class='ocrx_word' id='word_1_78' title='bbox 318 1293 369 1333; x_wconf 86' lang='lat'><strong><em>10</em></strong></span> <span class='ocrx_word' id='word_1_79' title='bbox 395 1275 516 1331; x_wconf 82' lang='grc' dir='ltr'><strong><em>τοῦ</em></strong></span> <span class='ocrx_word' id='word_1_80' title='bbox 571 1268 819 1352; x_wconf 86' lang='grc' dir='ltr'><strong><em>χρόνου</em></strong></span> <span class='ocrx_word' id='word_1_81' title='bbox 875 1266 1135 1331; x_wconf 83' lang='grc' dir='ltr'><strong><em>λυσάτω</em></strong></span> <span class='ocrx_word' id='word_1_82' title='bbox 1181 1264 1292 1330; x_wconf 81' lang='grc' dir='ltr'><strong><em>καὶ</em></strong></span> <span class='ocrx_word' id='word_1_83' title='bbox 1349 1266 1858 1351; x_wconf 77' lang='grc' dir='ltr'><strong><em>εὐθετισάμενος</em></strong></span> <span class='ocrx_word' id='word_1_84' title='bbox 1910 1267 2429 1350; x_wconf 84' lang='grc' dir='ltr'><strong><em>μετεπιδησάτω.</em></strong></span> 
     </span>
     <span class='ocr_line' id='line_1_12' title="bbox 528 1371 2428 1458; baseline 0.001 -22"><span class='ocrx_word' id='word_1_85' title='bbox 528 1371 946 1458; x_wconf 88' lang='grc' dir='ltr'><strong><em>Κρατύνεται</em></strong></span> <span class='ocrx_word' id='word_1_86' title='bbox 982 1372 1059 1436; x_wconf 81' lang='grc' dir='ltr'><strong><em>δὲ</em></strong></span> <span class='ocrx_word' id='word_1_87' title='bbox 1093 1371 1376 1455; x_wconf 80' lang='grc' dir='ltr'><strong><em>μάλιστα</em></strong></span> <span class='ocrx_word' id='word_1_88' title='bbox 1410 1374 1765 1457; x_wconf 84' lang='grc' dir='ltr'><strong><em>βραχίονος</em></strong></span> <span class='ocrx_word' id='word_1_89' title='bbox 1801 1371 2037 1438; x_wconf 88' lang='grc' dir='ltr'><strong><em>ὀστέον</em></strong></span> <span class='ocrx_word' id='word_1_90' title='bbox 2071 1372 2147 1438; x_wconf 80' lang='grc' dir='ltr'><strong><em>έν</em></strong></span> <span class='ocrx_word' id='word_1_91' title='bbox 2190 1390 2428 1439; x_wconf 87' lang='grc' dir='ltr'><strong><em>τεσσα-</em></strong></span> 
     </span>
     <span class='ocr_line' id='line_1_13' title="bbox 398 1477 2427 1565; baseline 0 -21"><span class='ocrx_word' id='word_1_92' title='bbox 398 1479 685 1563; x_wconf 88' lang='grc' dir='ltr'><strong><em>ράκοντα</em></strong></span> <span class='ocrx_word' id='word_1_93' title='bbox 719 1477 1013 1565; x_wconf 78' lang='grc' dir='ltr'><strong><em>ἡμέρῃσι.</em></strong></span> <span class='ocrx_word' id='word_1_94' title='bbox 1077 1477 1245 1563; x_wconf 77' lang='grc' dir='ltr'><strong><em>ἐπὴν</em></strong></span> <span class='ocrx_word' id='word_1_95' title='bbox 1281 1479 1358 1544; x_wconf 80' lang='grc' dir='ltr'><strong><em>δὲ</em></strong></span> <span class='ocrx_word' id='word_1_96' title='bbox 1391 1480 1632 1555; x_wconf 82' lang='grc' dir='ltr'><strong><em>ταύτας</em></strong></span> <span class='ocrx_word' id='word_1_97' title='bbox 1665 1478 2026 1564; x_wconf 78' lang='grc' dir='ltr'><strong><em>ὑπερβάλῃ,</em></strong></span> <span class='ocrx_word' id='word_1_98' title='bbox 2064 1480 2252 1544; x_wconf 81' lang='grc' dir='ltr'><strong><em>λύειν</em></strong></span> <span class='ocrx_word' id='word_1_99' title='bbox 2293 1480 2427 1565; x_wconf 86' lang='grc' dir='ltr'><strong><em>χρὴ</em></strong></span> 
     </span>
     <span class='ocr_line' id='line_1_14' title="bbox 397 1580 2428 1670; baseline 0 -20"><span class='ocrx_word' id='word_1_100' title='bbox 397 1583 508 1650; x_wconf 83' lang='grc' dir='ltr'><strong><em>καὶ</em></strong></span> <span class='ocrx_word' id='word_1_101' title='bbox 554 1584 662 1651; x_wconf 77' lang='grc' dir='ltr'><strong><em>ἐπὶ</em></strong></span> <span class='ocrx_word' id='word_1_102' title='bbox 704 1580 918 1670; x_wconf 77' lang='grc' dir='ltr'><strong><em>ἧσσον</em></strong></span> <span class='ocrx_word' id='word_1_103' title='bbox 960 1584 1204 1665; x_wconf 80' lang='grc' dir='ltr'><strong><em>πιέζειν</em></strong></span> <span class='ocrx_word' id='word_1_104' title='bbox 1247 1595 1466 1651; x_wconf 88' lang='grc' dir='ltr'><strong><em>τοῖσιν</em></strong></span> <span class='ocrx_word' id='word_1_105' title='bbox 1510 1585 1891 1652; x_wconf 88' lang='grc' dir='ltr'><strong><em>ὀθονίοισιν</em></strong></span> <span class='ocrx_word' id='word_1_106' title='bbox 1924 1584 2036 1651; x_wconf 86' lang='grc' dir='ltr'><strong><em>καὶ</em></strong></span> <span class='ocrx_word' id='word_1_107' title='bbox 2077 1584 2186 1651; x_wconf 79' lang='grc' dir='ltr'><strong><em>ἐπὶ</em></strong></span> <span class='ocrx_word' id='word_1_108' title='bbox 2230 1584 2428 1651; x_wconf 75' lang='grc' dir='ltr'><strong><em>ἐλάσ-</em></strong></span> 
     </span>
     <span class='ocr_line' id='line_1_15' title="bbox 400 1687 2428 1777; baseline -0.001 -19"><span class='ocrx_word' id='word_1_109' title='bbox 400 1710 595 1758; x_wconf 89' lang='grc' dir='ltr'><strong><em>σοσιν</em></strong></span> <span class='ocrx_word' id='word_1_110' title='bbox 621 1691 891 1758; x_wconf 79' lang='grc' dir='ltr'><strong><em>ἐπιδεῖν.</em></strong></span> <span class='ocrx_word' id='word_1_111' title='bbox 964 1693 1229 1757; x_wconf 89' lang='grc' dir='ltr'><strong><em>δίαιταν</em></strong></span> <span class='ocrx_word' id='word_1_112' title='bbox 1265 1687 1340 1757; x_wconf 74' lang='grc' dir='ltr'><strong><em>δὲ</em></strong></span> <span class='ocrx_word' id='word_1_113' title='bbox 1376 1691 1848 1777; x_wconf 83' lang='grc' dir='ltr'><strong><em>ἀκριβεστέρην</em></strong></span> <span class='ocrx_word' id='word_1_114' title='bbox 1881 1694 2031 1757; x_wconf 82' lang='grc' dir='ltr'><strong><em>τινὰ</em></strong></span> <span class='ocrx_word' id='word_1_115' title='bbox 2067 1692 2107 1776; x_wconf 78' lang='grc' dir='ltr'><em>ἢ</em></span> <span class='ocrx_word' id='word_1_116' title='bbox 2144 1693 2219 1756; x_wconf 89' lang='grc' dir='ltr'><strong><em>τὸ</em></strong></span> <span class='ocrx_word' id='word_1_117' title='bbox 2256 1695 2428 1776; x_wconf 86' lang='grc' dir='ltr'><strong><em>πρό-</em></strong></span> 
     </span>
     <span class='ocr_line' id='line_1_16' title="bbox 319 1797 2432 1885; baseline -0 -20"><span class='ocrx_word' id='word_1_118' title='bbox 319 1825 370 1865; x_wconf 82' lang='lat'><strong><em>15</em></strong></span> <span class='ocrx_word' id='word_1_119' title='bbox 396 1823 592 1885; x_wconf 85' lang='grc' dir='ltr'><strong><em>τερον</em></strong></span> <span class='ocrx_word' id='word_1_120' title='bbox 629 1801 892 1865; x_wconf 79' lang='grc' dir='ltr'><strong><em>διαιτᾶν</em></strong></span> <span class='ocrx_word' id='word_1_121' title='bbox 925 1797 1036 1864; x_wconf 86' lang='grc' dir='ltr'><strong><em>καὶ</em></strong></span> <span class='ocrx_word' id='word_1_122' title='bbox 1072 1801 1276 1864; x_wconf 84' lang='grc' dir='ltr'><strong><em>πλείω</em></strong></span> <span class='ocrx_word' id='word_1_123' title='bbox 1315 1801 1577 1883; x_wconf 85' lang='grc' dir='ltr'><strong><em>χρόνον.</em></strong></span> <span class='ocrx_word' id='word_1_124' title='bbox 1649 1801 2122 1883; x_wconf 80' lang='grc' dir='ltr'><strong><em>τεκμαίρεσθαι</em></strong></span> <span class='ocrx_word' id='word_1_125' title='bbox 2151 1798 2226 1864; x_wconf 76' lang='grc' dir='ltr'><strong><em>δὲ</em></strong></span> <span class='ocrx_word' id='word_1_126' title='bbox 2253 1800 2432 1885; x_wconf 88' lang='grc' dir='ltr'><strong><em>πρὸς</em></strong></span> 
     </span>
     <span class='ocr_line' id='line_1_17' title="bbox 294 1902 2429 1994; baseline -0 -22"><span class='ocrx_word' id='word_1_127' title='bbox 294 1924 396 1974; x_wconf 84' lang='grc'><strong><em>448</em></strong></span> <span class='ocrx_word' id='word_1_128' title='bbox 416 1915 536 1973; x_wconf 85' lang='grc' dir='ltr'><strong><em>τοῦ</em></strong></span> <span class='ocrx_word' id='word_1_129' title='bbox 565 1906 922 1991; x_wconf 80' lang='grc' dir='ltr'><strong><em>οἰδήματος</em></strong></span> <span class='ocrx_word' id='word_1_130' title='bbox 948 1914 1067 1971; x_wconf 84' lang='grc' dir='ltr'><strong><em>τοῦ</em></strong></span> <span class='ocrx_word' id='word_1_131' title='bbox 1105 1904 1181 1972; x_wconf 80' lang='grc' dir='ltr'><strong><em>ἐν</em></strong></span> <span class='ocrx_word' id='word_1_132' title='bbox 1218 1906 1382 1991; x_wconf 73' lang='grc' dir='ltr'><strong><em>ἄκρῃ</em></strong></span> <span class='ocrx_word' id='word_1_133' title='bbox 1419 1914 1499 1992; x_wconf 77' lang='grc' dir='ltr'><strong><em>τῇ</em></strong></span> <span class='ocrx_word' id='word_1_134' title='bbox 1534 1904 1706 1992; x_wconf 84' lang='grc' dir='ltr'><strong><em>χειρὶ</em></strong></span> <span class='ocrx_word' id='word_1_135' title='bbox 1738 1902 1747 1994; x_wconf 69' lang='grc' dir='ltr'>Ι</span> <span class='ocrx_word' id='word_1_136' title='bbox 1777 1907 1901 1990; x_wconf 85' lang='grc' dir='ltr'><strong><em>τὴν</em></strong></span> <span class='ocrx_word' id='word_1_137' title='bbox 1933 1905 2161 1991; x_wconf 76' lang='grc' dir='ltr'><strong><em>ῥώμην</em></strong></span> <span class='ocrx_word' id='word_1_138' title='bbox 2191 1904 2429 1992; x_wconf 84' lang='grc' dir='ltr'><strong><em>ὀρέων.</em></strong></span> 
     </span>
     <span class='ocr_line' id='line_1_18' title="bbox 397 2011 2433 2099; baseline 0 -21"><span class='ocrx_word' id='word_1_139' title='bbox 397 2011 875 2099; x_wconf 85' lang='grc' dir='ltr'><strong><em>προσσυνιέναι</em></strong></span> <span class='ocrx_word' id='word_1_140' title='bbox 935 2013 1010 2078; x_wconf 79' lang='grc' dir='ltr'><strong><em>δὲ</em></strong></span> <span class='ocrx_word' id='word_1_141' title='bbox 1067 2014 1190 2099; x_wconf 87' lang='grc' dir='ltr'><strong><em>χρὴ</em></strong></span> <span class='ocrx_word' id='word_1_142' title='bbox 1248 2011 1360 2077; x_wconf 84' lang='grc' dir='ltr'><strong><em>καὶ</em></strong></span> <span class='ocrx_word' id='word_1_143' title='bbox 1417 2014 1602 2096; x_wconf 88' lang='grc' dir='ltr'><strong><em>τάδε,</em></strong></span> <span class='ocrx_word' id='word_1_144' title='bbox 1663 2013 1766 2078; x_wconf 82' lang='grc' dir='ltr'><strong><em>ὅτι</em></strong></span> <span class='ocrx_word' id='word_1_145' title='bbox 1827 2014 2122 2097; x_wconf 85' lang='grc' dir='ltr'><strong><em>βραχίων</em></strong></span> <span class='ocrx_word' id='word_1_146' title='bbox 2178 2014 2433 2097; x_wconf 84' lang='grc' dir='ltr'><strong><em>κυρτὸς</em></strong></span> 
     </span>
     <span class='ocr_line' id='line_1_19' title="bbox 399 2116 2432 2204; baseline 0.001 -22"><span class='ocrx_word' id='word_1_147' title='bbox 399 2117 696 2202; x_wconf 83' lang='grc' dir='ltr'><strong><em>πέφυκεν</em></strong></span> <span class='ocrx_word' id='word_1_148' title='bbox 733 2117 800 2195; x_wconf 78' lang='grc' dir='ltr'><strong><em>ἐς</em></strong></span> <span class='ocrx_word' id='word_1_149' title='bbox 825 2119 900 2183; x_wconf 93' lang='grc' dir='ltr'><strong><em>τὸ</em></strong></span> <span class='ocrx_word' id='word_1_150' title='bbox 939 2116 1058 2196; x_wconf 80' lang='grc' dir='ltr'><strong><em>ἔξω</em></strong></span> <span class='ocrx_word' id='word_1_151' title='bbox 1096 2118 1321 2204; x_wconf 86' lang='grc' dir='ltr'><strong><em>μέρος·</em></strong></span> <span class='ocrx_word' id='word_1_152' title='bbox 1368 2118 1434 2196; x_wconf 84' lang='grc' dir='ltr'><strong><em>ἐς</em></strong></span> <span class='ocrx_word' id='word_1_153' title='bbox 1469 2128 1666 2184; x_wconf 85' lang='grc' dir='ltr'><strong><em>τοῦτο</em></strong></span> <span class='ocrx_word' id='word_1_154' title='bbox 1701 2122 1939 2184; x_wconf 89' lang='grc' dir='ltr'><strong><em>τοίνυν</em></strong></span> <span class='ocrx_word' id='word_1_155' title='bbox 1973 2120 2047 2184; x_wconf 92' lang='grc' dir='ltr'><strong><em>τὸ</em></strong></span> <span class='ocrx_word' id='word_1_156' title='bbox 2076 2118 2274 2204; x_wconf 89' lang='grc' dir='ltr'><strong><em>μέρος</em></strong></span> <span class='ocrx_word' id='word_1_157' title='bbox 2312 2118 2432 2185; x_wconf 80' lang='grc' dir='ltr'><strong><em>καὶ</em></strong></span> 
     </span>
     <span class='ocr_line' id='line_1_20' title="bbox 403 2223 2430 2310; baseline 0.001 -22"><span class='ocrx_word' id='word_1_158' title='bbox 403 2223 921 2309; x_wconf 79' lang='grc' dir='ltr'><strong><em>διαστρέφεσθαι</em></strong></span> <span class='ocrx_word' id='word_1_159' title='bbox 960 2231 1162 2310; x_wconf 80' lang='grc' dir='ltr'><strong><em>φιλεῖ,</em></strong></span> <span class='ocrx_word' id='word_1_160' title='bbox 1208 2224 1374 2309; x_wconf 80' lang='grc' dir='ltr'><strong><em>ἐπὴν</em></strong></span> <span class='ocrx_word' id='word_1_161' title='bbox 1409 2228 1497 2310; x_wconf 84' lang='grc' dir='ltr'><strong><em>μὴ</em></strong></span> <span class='ocrx_word' id='word_1_162' title='bbox 1532 2230 1747 2302; x_wconf 80' lang='grc' dir='ltr'><strong><em>καλῶς</em></strong></span> <span class='ocrx_word' id='word_1_163' title='bbox 1786 2226 2181 2310; x_wconf 82' lang='grc' dir='ltr'><strong><em>ἰητρεύηται.</em></strong></span> <span class='ocrx_word' id='word_1_164' title='bbox 2254 2224 2430 2310; x_wconf 78' lang='grc' dir='ltr'><strong><em>ἀτὰρ</em></strong></span> 
     </span>
    </p>
   </div>
   <div class='ocr_carea' id='block_1_3' title="bbox 546 2379 2432 2506">
    <p class='ocr_par' dir='ltr' id='par_1_4' title="bbox 546 2379 2432 2506">
     <span class='ocr_line' id='line_1_21' title="bbox 546 2379 2432 2506; baseline 0.001 -72"><span class='ocrx_word' id='word_1_165' title='bbox 546 2387 573 2435; x_wconf 99' lang='grc'>1</span> <span class='ocrx_word' id='word_1_166' title='bbox 615 2381 688 2434; x_wconf 77' lang='lat' dir='ltr'><strong><em>ad</em></strong></span> <span class='ocrx_word' id='word_1_167' title='bbox 722 2380 1001 2506; x_wconf 63' lang='grc' dir='ltr'><strong><em>θέναρσιτ</em></strong></span> <span class='ocrx_word' id='word_1_168' title='bbox 996 2382 1193 2437; x_wconf 81' lang='lat' dir='ltr'><strong>minor.</strong></span> <span class='ocrx_word' id='word_1_169' title='bbox 1230 2382 1437 2437; x_wconf 76' lang='lat' dir='ltr'><strong>litteris</strong></span> <span class='ocrx_word' id='word_1_170' title='bbox 1474 2382 1724 2453; x_wconf 73' lang='grc' dir='ltr'><strong><em>κυλομαχ</em></strong></span> <span class='ocrx_word' id='word_1_171' title='bbox 1762 2382 1818 2453; x_wconf 88' lang='lat' dir='ltr'><strong><em>(i.</em></strong></span> <span class='ocrx_word' id='word_1_172' title='bbox 1849 2398 1896 2436; x_wconf 77' lang='lat' dir='ltr'><strong><em>e.</em></strong></span> <span class='ocrx_word' id='word_1_173' title='bbox 1935 2379 2183 2452; x_wconf 73' lang='grc' dir='ltr'><strong><em>κοίλωμα</em></strong></span> <span class='ocrx_word' id='word_1_174' title='bbox 2219 2379 2432 2453; x_wconf 80' lang='grc' dir='ltr'><strong><em>χειρός)</em></strong></span> 
     </span>
    </p>
   </div>
   <div class='ocr_carea' id='block_1_4' title="bbox 398 2473 2440 3130">
    <p class='ocr_par' dir='ltr' id='par_1_5' title="bbox 398 2473 2440 3127">
     <span class='ocr_line' id='line_1_22' title="bbox 400 2473 2432 2555; baseline 0 -13"><span class='ocrx_word' id='word_1_175' title='bbox 400 2488 436 2542; x_wconf 88' lang='lat' dir='ltr'><strong><em>i.</em></strong></span> <span class='ocrx_word' id='word_1_176' title='bbox 464 2507 536 2542; x_wconf 90' lang='lat' dir='ltr'><strong><em>m.</em></strong></span> <span class='ocrx_word' id='word_1_177' title='bbox 567 2487 613 2540; x_wconf 94' lang='lat' dir='ltr'>B</span> <span class='ocrx_word' id='word_1_178' title='bbox 724 2495 754 2542; x_wconf 85' lang='lat'>2</span> <span class='ocrx_word' id='word_1_179' title='bbox 792 2473 1126 2553; x_wconf 84' lang='grc' dir='ltr'><strong><em>καταστασις</em></strong></span> <span class='ocrx_word' id='word_1_180' title='bbox 1160 2489 1222 2555; x_wconf 93' lang='grc' dir='ltr'><strong><em>Β,</em></strong></span> <span class='ocrx_word' id='word_1_181' title='bbox 1259 2509 1291 2542; x_wconf 90' lang='grc' dir='ltr'><strong><em>τ</em></strong></span> <span class='ocrx_word' id='word_1_182' title='bbox 1329 2506 1398 2542; x_wconf 76' lang='lat' dir='ltr'><strong><em>se.</em></strong></span> <span class='ocrx_word' id='word_1_183' title='bbox 1428 2488 1517 2554; x_wconf 72' lang='lat' dir='ltr'><strong><em>B3,</em></strong></span> <span class='ocrx_word' id='word_1_184' title='bbox 1555 2487 1888 2552; x_wconf 81' lang='grc' dir='ltr'><strong><em>καταθέσεις</em></strong></span> <span class='ocrx_word' id='word_1_185' title='bbox 1922 2487 1958 2541; x_wconf 89' lang='lat' dir='ltr'><strong><em>i.</em></strong></span> <span class='ocrx_word' id='word_1_186' title='bbox 1987 2507 2059 2542; x_wconf 91' lang='lat' dir='ltr'><strong><em>m.</em></strong></span> <span class='ocrx_word' id='word_1_187' title='bbox 2092 2488 2167 2541; x_wconf 58' lang='grc' dir='ltr'><strong><em>Β*</em></strong></span> <span class='ocrx_word' id='word_1_188' title='bbox 2237 2492 2432 2552; x_wconf 74' lang='grc' dir='ltr'><strong><em>καλῶς</em></strong></span> 
     </span>
     <span class='ocr_line' id='line_1_23' title="bbox 402 2557 2426 2630; baseline -0.001 -16"><span class='ocrx_word' id='word_1_189' title='bbox 402 2578 470 2614; x_wconf 79' lang='lat'><strong><em>88.</em></strong></span> <span class='ocrx_word' id='word_1_190' title='bbox 509 2559 705 2615; x_wconf 87' lang='lat' dir='ltr'><strong>minor.</strong></span> <span class='ocrx_word' id='word_1_191' title='bbox 742 2559 852 2615; x_wconf 76' lang='lat' dir='ltr'><strong>litt.</strong></span> <span class='ocrx_word' id='word_1_192' title='bbox 891 2559 965 2613; x_wconf 86' lang='lat' dir='ltr'><strong><em>B¹</em></strong></span> <span class='ocrx_word' id='word_1_193' title='bbox 1108 2565 1139 2614; x_wconf 83' lang='lat'><strong>3</strong></span> <span class='ocrx_word' id='word_1_194' title='bbox 1177 2559 1601 2630; x_wconf 79' lang='grc' dir='ltr'><strong><em>παρασκεύηται</em></strong></span> <span class='ocrx_word' id='word_1_195' title='bbox 1635 2559 1688 2613; x_wconf 91' lang='lat' dir='ltr'><strong>V</strong></span> <span class='ocrx_word' id='word_1_196' title='bbox 1795 2559 2065 2627; x_wconf 78' lang='grc' dir='ltr'><strong><em>ἐπειδήτω</em></strong></span> <span class='ocrx_word' id='word_1_197' title='bbox 2103 2559 2149 2612; x_wconf 96' lang='grc' dir='ltr'><strong>Β</strong></span> <span class='ocrx_word' id='word_1_198' title='bbox 2295 2565 2331 2612; x_wconf 84' lang='lat'>4</span> <span class='ocrx_word' id='word_1_199' title='bbox 2366 2557 2426 2613; x_wconf 82' lang='grc' dir='ltr'><strong><em>τ’</em></strong></span> 
     </span>
     <span class='ocr_line' id='line_1_24' title="bbox 400 2627 2243 2701; baseline -0.001 -16"><span class='ocrx_word' id='word_1_200' title='bbox 400 2627 539 2685; x_wconf 74' lang='grc' dir='ltr'><strong><em>ἄλλα</em></strong></span> <span class='ocrx_word' id='word_1_201' title='bbox 574 2631 626 2685; x_wconf 86' lang='lat' dir='ltr'><strong>V</strong></span> <span class='ocrx_word' id='word_1_202' title='bbox 769 2637 801 2685; x_wconf 82' lang='grc' dir='ltr'>ὅ</span> <span class='ocrx_word' id='word_1_203' title='bbox 837 2636 1110 2701; x_wconf 77' lang='grc' dir='ltr'><strong><em>παρηνθη</em></strong></span> <span class='ocrx_word' id='word_1_204' title='bbox 1147 2631 1213 2697; x_wconf 90' lang='grc' dir='ltr'><strong><em>Β,</em></strong></span> <span class='ocrx_word' id='word_1_205' title='bbox 1251 2648 1394 2685; x_wconf 78' lang='lat' dir='ltr'><strong>corr.</strong></span> <span class='ocrx_word' id='word_1_206' title='bbox 1432 2629 1742 2700; x_wconf 83' lang='grc' dir='ltr'><strong><em>παρηνήθη</em></strong></span> <span class='ocrx_word' id='word_1_207' title='bbox 1778 2631 1869 2699; x_wconf 80' lang='lat' dir='ltr'><strong><em>B³‚</em></strong></span> <span class='ocrx_word' id='word_1_208' title='bbox 1905 2629 2125 2700; x_wconf 81' lang='grc' dir='ltr'><strong><em>παρηνέ</em></strong></span> <span class='ocrx_word' id='word_1_209' title='bbox 2160 2634 2243 2700; x_wconf 89' lang='grc' dir='ltr'><strong><em>θη</em></strong></span> 
     </span>
     <span class='ocr_line' id='line_1_25' title="bbox 398 2630 2434 2771; baseline 0 -15"><span class='ocrx_word' id='word_1_210' title='bbox 398 2711 576 2757; x_wconf 84' lang='grc' dir='ltr'><strong><em>ταῦτα</em></strong></span> <span class='ocrx_word' id='word_1_211' title='bbox 614 2702 792 2769; x_wconf 64' lang='lat' dir='ltr'>codd„</span> <span class='ocrx_word' id='word_1_212' title='bbox 831 2719 934 2757; x_wconf 81' lang='lat' dir='ltr'><strong><em>em.</em></strong></span> <span class='ocrx_word' id='word_1_213' title='bbox 964 2703 1097 2756; x_wconf 76' lang='lat' dir='ltr'><strong>Litt.</strong></span> <span class='ocrx_word' id='word_1_214' title='bbox 1211 2708 1242 2756; x_wconf 85' lang='grc'><strong>6</strong></span> <span class='ocrx_word' id='word_1_215' title='bbox 1281 2699 1525 2771; x_wconf 78' lang='grc' dir='ltr'><strong><em>σημίοισι</em></strong></span> <span class='ocrx_word' id='word_1_216' title='bbox 1561 2703 1607 2754; x_wconf 96' lang='grc' dir='ltr'>Β</span> <span class='ocrx_word' id='word_1_217' title='bbox 1677 2710 1822 2756; x_wconf 88' lang='grc' dir='ltr'><strong><em>τοῖσι</em></strong></span> <span class='ocrx_word' id='word_1_218' title='bbox 1858 2700 2107 2757; x_wconf 75' lang='grc' dir='ltr'><strong><em>αὐτέοισι</em></strong></span> <span class='ocrx_word' id='word_1_219' title='bbox 2208 2630 2434 2756; x_wconf 57' lang='lat' dir='ltr'><strong><em>noc-bvi}-</em></strong></span> 
     </span>
     <span class='ocr_line' id='line_1_26' title="bbox 400 2770 2440 2844; baseline -0.001 -16"><span class='ocrx_word' id='word_1_220' title='bbox 400 2790 546 2829; x_wconf 90' lang='grc' dir='ltr'><strong><em>οισιν</em></strong></span> <span class='ocrx_word' id='word_1_221' title='bbox 583 2774 732 2844; x_wconf 86' lang='lat' dir='ltr'><strong>vulg.</strong></span> <span class='ocrx_word' id='word_1_222' title='bbox 879 2779 909 2827; x_wconf 81' lang='lat'>7</span> <span class='ocrx_word' id='word_1_223' title='bbox 947 2770 1221 2839; x_wconf 80' lang='grc' dir='ltr'><strong><em>πιεζείτωι</em></strong></span> <span class='ocrx_word' id='word_1_224' title='bbox 1256 2773 1389 2840; x_wconf 97' lang='grc' dir='ltr'><strong><em>ΒΜ,</em></strong></span> <span class='ocrx_word' id='word_1_225' title='bbox 1427 2771 1584 2837; x_wconf 78' lang='grc' dir='ltr'><strong><em>-ζέτω</em></strong></span> <span class='ocrx_word' id='word_1_226' title='bbox 1624 2775 1727 2826; x_wconf 74' lang='lat' dir='ltr'>cet.</span> <span class='ocrx_word' id='word_1_227' title='bbox 1872 2778 1904 2826; x_wconf 90' lang='lat'>8</span> <span class='ocrx_word' id='word_1_228' title='bbox 1942 2773 2127 2829; x_wconf 70' lang='grc' dir='ltr'><strong><em>ἐντατ.</em></strong></span> <span class='ocrx_word' id='word_1_229' title='bbox 2164 2772 2217 2826; x_wconf 91' lang='lat' dir='ltr'><strong>V</strong></span> <span class='ocrx_word' id='word_1_230' title='bbox 2297 2775 2440 2842; x_wconf 70' lang='lat' dir='ltr'>post</span> 
     </span>
     <span class='ocr_line' id='line_1_27' title="bbox 401 2816 2436 2914; baseline -0 -15"><span class='ocrx_word' id='word_1_231' title='bbox 401 2848 523 2913; x_wconf 82' lang='grc' dir='ltr'><strong><em>δησ.</em></strong></span> <span class='ocrx_word' id='word_1_232' title='bbox 563 2844 633 2898; x_wconf 82' lang='lat' dir='ltr'><strong><em>de</em></strong></span> <span class='ocrx_word' id='word_1_233' title='bbox 670 2862 769 2899; x_wconf 81' lang='lat' dir='ltr'><strong><em>suo</em></strong></span> <span class='ocrx_word' id='word_1_234' title='bbox 809 2841 921 2901; x_wconf 76' lang='grc' dir='ltr'><strong><em>ἔστ’</em></strong></span> <span class='ocrx_word' id='word_1_235' title='bbox 953 2866 1027 2900; x_wconf 78' lang='grc' dir='ltr'><strong><em>αν</em></strong></span> <span class='ocrx_word' id='word_1_236' title='bbox 1073 2844 1216 2913; x_wconf 72' lang='grc' dir='ltr'><strong><em>’ὑπὲρ</em></strong></span> <span class='ocrx_word' id='word_1_237' title='bbox 1259 2816 1559 2913; x_wconf 83' lang='grc' dir='ltr'><strong><em>τριήκοντα</em></strong></span> <span class='ocrx_word' id='word_1_238' title='bbox 1613 2842 1822 2912; x_wconf 83' lang='grc' dir='ltr'><strong><em>ἡμέρας</em></strong></span> <span class='ocrx_word' id='word_1_239' title='bbox 1874 2841 2085 2913; x_wconf 75' lang='grc' dir='ltr'><strong><em>γίν(γέν</em></strong></span> <span class='ocrx_word' id='word_1_240' title='bbox 2122 2843 2436 2914; x_wconf 80' lang='grc' dir='ltr'><strong><em>ΕΠῑι.)ηται</em></strong></span> 
     </span>
     <span class='ocr_line' id='line_1_28' title="bbox 403 2914 2432 2986; baseline 0 -19"><span class='ocrx_word' id='word_1_241' title='bbox 403 2914 531 2968; x_wconf 80' lang='lat' dir='ltr'><strong>add.</strong></span> <span class='ocrx_word' id='word_1_242' title='bbox 561 2915 693 2969; x_wconf 75' lang='lat' dir='ltr'><strong>Litt.</strong></span> <span class='ocrx_word' id='word_1_243' title='bbox 841 2923 872 2970; x_wconf 87' lang='grc'><strong>9</strong></span> <span class='ocrx_word' id='word_1_244' title='bbox 909 2916 1195 2986; x_wconf 79' lang='grc' dir='ltr'><strong><em>υποπτεύη</em></strong></span> <span class='ocrx_word' id='word_1_245' title='bbox 1232 2915 1278 2968; x_wconf 95' lang='grc' dir='ltr'>Β</span> <span class='ocrx_word' id='word_1_246' title='bbox 1388 2933 1536 2986; x_wconf 87' lang='grc' dir='ltr'><strong><em>μεσσ.</em></strong></span> <span class='ocrx_word' id='word_1_247' title='bbox 1574 2914 1620 2967; x_wconf 95' lang='grc' dir='ltr'>Β</span> <span class='ocrx_word' id='word_1_248' title='bbox 1659 2917 1717 2971; x_wconf 73' lang='lat' dir='ltr'><strong><em>et</em></strong></span> <span class='ocrx_word' id='word_1_249' title='bbox 1750 2915 1812 2969; x_wconf 79' lang='lat' dir='ltr'><strong><em>in</em></strong></span> <span class='ocrx_word' id='word_1_250' title='bbox 1845 2931 2021 2985; x_wconf 74' lang='lat' dir='ltr'><strong>marg.</strong></span> <span class='ocrx_word' id='word_1_251' title='bbox 2062 2915 2123 2971; x_wconf 76' lang='grc' dir='ltr'><strong><em>ἐν</em></strong></span> <span class='ocrx_word' id='word_1_252' title='bbox 2161 2914 2306 2985; x_wconf 79' lang='grc' dir='ltr'><strong><em>μέσω</em></strong></span> <span class='ocrx_word' id='word_1_253' title='bbox 2351 2914 2432 2968; x_wconf 78' lang='lat' dir='ltr'><strong><em>ab</em></strong></span> 
     </span>
     <span class='ocr_line' id='line_1_29' title="bbox 403 2985 2438 3054; baseline 0 -15"><span class='ocrx_word' id='word_1_254' title='bbox 403 2985 524 3039; x_wconf 84' lang='lat' dir='ltr'>ead.</span> <span class='ocrx_word' id='word_1_255' title='bbox 562 3004 634 3039; x_wconf 87' lang='lat' dir='ltr'><strong><em>m.</em></strong></span> <span class='ocrx_word' id='word_1_256' title='bbox 671 2987 868 3041; x_wconf 81' lang='lat' dir='ltr'><strong>minor.</strong></span> <span class='ocrx_word' id='word_1_257' title='bbox 907 2986 1018 3040; x_wconf 76' lang='lat' dir='ltr'><strong>litt.</strong></span> <span class='ocrx_word' id='word_1_258' title='bbox 1108 2985 1339 3042; x_wconf 84' lang='grc' dir='ltr'><strong><em>τουτέου</em></strong></span> <span class='ocrx_word' id='word_1_259' title='bbox 1377 2986 1498 3040; x_wconf 88' lang='lat' dir='ltr'><strong><em>MV</em></strong></span> <span class='ocrx_word' id='word_1_260' title='bbox 1640 2990 1708 3039; x_wconf 93' lang='grc'><strong><em>10</em></strong></span> <span class='ocrx_word' id='word_1_261' title='bbox 1743 2995 1843 3042; x_wconf 81' lang='grc' dir='ltr'><strong><em>τοῦ</em></strong></span> <span class='ocrx_word' id='word_1_262' title='bbox 1882 3004 1986 3040; x_wconf 89' lang='lat' dir='ltr'><strong><em>om.</em></strong></span> <span class='ocrx_word' id='word_1_263' title='bbox 2016 2986 2107 3054; x_wconf 87' lang='lat' dir='ltr'><strong><em>B¹‚</em></strong></span> <span class='ocrx_word' id='word_1_264' title='bbox 2145 2986 2324 3040; x_wconf 75' lang='lat' dir='ltr'><strong>adse-r.</strong></span> <span class='ocrx_word' id='word_1_265' title='bbox 2354 2985 2438 3039; x_wconf 82' lang='lat' dir='ltr'><strong><em>B⁸</em></strong></span> 
     </span>
     <span class='ocr_line' id='line_1_30' title="bbox 473 3055 2434 3130; baseline -0.001 -19"><span class='ocrx_word' id='word_1_266' title='bbox 473 3057 802 3127; x_wconf 75' lang='grc' dir='ltr'><strong><em>εὐθετησάμ.</em></strong></span> <span class='ocrx_word' id='word_1_267' title='bbox 833 3056 886 3110; x_wconf 90' lang='lat' dir='ltr'><strong>V</strong></span> <span class='ocrx_word' id='word_1_268' title='bbox 958 3056 1271 3127; x_wconf 83' lang='grc' dir='ltr'><strong><em>έπιδησάτω</em></strong></span> <span class='ocrx_word' id='word_1_269' title='bbox 1311 3057 1362 3111; x_wconf 92' lang='lat' dir='ltr'><strong>V</strong></span> <span class='ocrx_word' id='word_1_270' title='bbox 1473 3063 1537 3111; x_wconf 80' lang='lat'><strong><em>12</em></strong></span> <span class='ocrx_word' id='word_1_271' title='bbox 1575 3055 1843 3130; x_wconf 78' lang='grc' dir='ltr'><strong><em>ἡμέρῃσιν</em></strong></span> <span class='ocrx_word' id='word_1_272' title='bbox 1881 3056 2000 3111; x_wconf 88' lang='lat' dir='ltr'><strong><em>MV</em></strong></span> <span class='ocrx_word' id='word_1_273' title='bbox 2069 3066 2249 3112; x_wconf 82' lang='grc' dir='ltr'><strong><em>ταῦτα</em></strong></span> <span class='ocrx_word' id='word_1_274' title='bbox 2285 3058 2434 3111; x_wconf 70' lang='lat' dir='ltr'><strong>mut.</strong></span> 
     </span>
    </p>
   </div>
   <div class='ocr_carea' id='block_1_5' title="bbox 402 3131 2438 3574">
    <p class='ocr_par' dir='ltr' id='par_1_6' title="bbox 402 3131 2437 3234">
     <span class='ocr_line' id='line_1_31' title="bbox 402 3131 2437 3234; baseline -0 -17"><span class='ocrx_word' id='word_1_275' title='bbox 402 3163 463 3217; x_wconf 87' lang='lat' dir='ltr'><strong><em>in</em></strong></span> <span class='ocrx_word' id='word_1_276' title='bbox 497 3131 676 3217; x_wconf 69' lang='grc' dir='ltr'><strong><em>ταῦτα</em></strong></span> <span class='ocrx_word' id='word_1_277' title='bbox 710 3163 756 3216; x_wconf 92' lang='grc' dir='ltr'>Β</span> <span class='ocrx_word' id='word_1_278' title='bbox 845 3161 1156 3234; x_wconf 74' lang='grc' dir='ltr'><strong><em>ὑπερβάλλῃ</em></strong></span> <span class='ocrx_word' id='word_1_279' title='bbox 1194 3162 1304 3216; x_wconf 92' lang='lat' dir='ltr'><strong><em>BV</em></strong></span> <span class='ocrx_word' id='word_1_280' title='bbox 1449 3168 1514 3217; x_wconf 84' lang='grc'><strong><em>13</em></strong></span> <span class='ocrx_word' id='word_1_281' title='bbox 1553 3161 1833 3219; x_wconf 80' lang='grc' dir='ltr'><strong><em>ὀθονίοισι</em></strong></span> <span class='ocrx_word' id='word_1_282' title='bbox 1869 3162 1990 3217; x_wconf 86' lang='lat' dir='ltr'><strong><em>MV</em></strong></span> <span class='ocrx_word' id='word_1_283' title='bbox 2075 3162 2334 3219; x_wconf 70' lang='grc' dir='ltr'><strong><em>ἐλάσσοσι</em></strong></span> <span class='ocrx_word' id='word_1_284' title='bbox 2369 3162 2437 3216; x_wconf 83' lang='grc' dir='ltr'>Μ</span> 
     </span>
    </p>

    <p class='ocr_par' dir='ltr' id='par_1_7' title="bbox 404 3185 2438 3574">
     <span class='ocr_line' id='line_1_32' title="bbox 512 3185 2432 3304; baseline 0.001 -17"><span class='ocrx_word' id='word_1_285' title='bbox 512 3239 579 3288; x_wconf 85' lang='grc'><strong><em>15</em></strong></span> <span class='ocrx_word' id='word_1_286' title='bbox 618 3237 749 3288; x_wconf 75' lang='lat' dir='ltr'><strong>ante</strong></span> <span class='ocrx_word' id='word_1_287' title='bbox 784 3185 986 3288; x_wconf 65' lang='grc' dir='ltr'><strong><em>πλείωρ</em></strong></span> <span class='ocrx_word' id='word_1_288' title='bbox 993 3233 1121 3288; x_wconf 79' lang='lat' dir='ltr'><strong>add.</strong></span> <span class='ocrx_word' id='word_1_289' title='bbox 1151 3255 1187 3303; x_wconf 89' lang='grc' dir='ltr'><em>η</em></span> <span class='ocrx_word' id='word_1_290' title='bbox 1221 3235 1322 3303; x_wconf 85' lang='grc' dir='ltr'><strong><em>(εἰς</em></strong></span> <span class='ocrx_word' id='word_1_291' title='bbox 1340 3237 1385 3304; x_wconf 86' lang='lat'><strong><em>‘?)</em></strong></span> <span class='ocrx_word' id='word_1_292' title='bbox 1422 3234 1486 3302; x_wconf 93' lang='grc' dir='ltr'><strong><em>Β,</em></strong></span> <span class='ocrx_word' id='word_1_293' title='bbox 1526 3234 1632 3287; x_wconf 86' lang='lat' dir='ltr'><strong><em>del</em></strong></span> <span class='ocrx_word' id='word_1_294' title='bbox 1661 3234 1737 3287; x_wconf 81' lang='lat' dir='ltr'><strong><em>B⁸</em></strong></span> <span class='ocrx_word' id='word_1_295' title='bbox 1805 3233 2015 3303; x_wconf 79' lang='grc' dir='ltr'><strong><em>τεκμέρ.</em></strong></span> <span class='ocrx_word' id='word_1_296' title='bbox 2044 3234 2163 3288; x_wconf 87' lang='grc' dir='ltr'><strong><em>ΒΜ</em></strong></span> <span class='ocrx_word' id='word_1_297' title='bbox 2200 3234 2303 3289; x_wconf 74' lang='lat' dir='ltr'><strong><em>et&#39;</em></strong></span> <span class='ocrx_word' id='word_1_298' title='bbox 2282 3252 2323 3288; x_wconf 83' lang='lat'><strong><em>1.</em></strong></span> <span class='ocrx_word' id='word_1_299' title='bbox 2352 3252 2432 3288; x_wconf 82' lang='lat' dir='ltr'><strong><em>m.</em></strong></span> 
     </span>
     <span class='ocr_line' id='line_1_33' title="bbox 405 3304 2435 3377; baseline 0 -18"><span class='ocrx_word' id='word_1_300' title='bbox 405 3322 697 3377; x_wconf 78' lang='grc' dir='ltr'><strong><em>σημειωσις</em></strong></span> <span class='ocrx_word' id='word_1_301' title='bbox 731 3305 805 3357; x_wconf 81' lang='lat'><strong><em>13²</em></strong></span> <span class='ocrx_word' id='word_1_302' title='bbox 951 3311 1016 3358; x_wconf 88' lang='grc'><strong><em>16</em></strong></span> <span class='ocrx_word' id='word_1_303' title='bbox 1063 3308 1194 3374; x_wconf 75' lang='lat' dir='ltr'>post</span> <span class='ocrx_word' id='word_1_304' title='bbox 1227 3304 1374 3376; x_wconf 78' lang='grc' dir='ltr'><strong><em>ἄκρη</em></strong></span> <span class='ocrx_word' id='word_1_305' title='bbox 1411 3305 1584 3361; x_wconf 77' lang='lat' dir='ltr'>iterat</span> <span class='ocrx_word' id='word_1_306' title='bbox 1619 3306 1680 3362; x_wconf 80' lang='grc' dir='ltr'><strong><em>ἐν</em></strong></span> <span class='ocrx_word' id='word_1_307' title='bbox 1716 3305 1778 3371; x_wconf 93' lang='grc' dir='ltr'><strong><em>Β,</em></strong></span> <span class='ocrx_word' id='word_1_308' title='bbox 1828 3306 1937 3359; x_wconf 83' lang='lat' dir='ltr'>del.</span> <span class='ocrx_word' id='word_1_309' title='bbox 1961 3305 2041 3359; x_wconf 81' lang='lat'><strong><em>13⁸</em></strong></span> <span class='ocrx_word' id='word_1_310' title='bbox 2147 3305 2329 3375; x_wconf 72' lang='grc' dir='ltr'><strong><em>ὁρέων</em></strong></span> <span class='ocrx_word' id='word_1_311' title='bbox 2365 3305 2435 3372; x_wconf 91' lang='grc' dir='ltr'><strong><em>Β,</em></strong></span> 
     </span>
     <span class='ocr_line' id='line_1_34' title="bbox 404 3348 2437 3445; baseline 0 -13"><span class='ocrx_word' id='word_1_312' title='bbox 404 3385 511 3432; x_wconf 80' lang='grc' dir='ltr'><strong><em>-ῶν</em></strong></span> <span class='ocrx_word' id='word_1_313' title='bbox 548 3375 667 3428; x_wconf 88' lang='lat' dir='ltr'><strong><em>MV</em></strong></span> <span class='ocrx_word' id='word_1_314' title='bbox 811 3380 877 3428; x_wconf 78' lang='lat'><strong><em>17</em></strong></span> <span class='ocrx_word' id='word_1_315' title='bbox 913 3395 958 3430; x_wconf 82' lang='grc' dir='ltr'><strong><em>π</em></strong></span> <span class='ocrx_word' id='word_1_316' title='bbox 961 3377 1177 3445; x_wconf 80' lang='grc' dir='ltr'><strong><em>ρ.οσξυν</em></strong></span> <span class='ocrx_word' id='word_1_317' title='bbox 1219 3361 1379 3430; x_wconf 71' lang='lat' dir='ltr'><strong>codd.</strong></span> <span class='ocrx_word' id='word_1_318' title='bbox 1420 3379 1478 3430; x_wconf 75' lang='lat' dir='ltr'><strong><em>et</em></strong></span> <span class='ocrx_word' id='word_1_319' title='bbox 1513 3385 1866 3432; x_wconf 76' lang='grc' dir='ltr'><strong><em>συνεπινοεῖν</em></strong></span> <span class='ocrx_word' id='word_1_320' title='bbox 1901 3376 1938 3429; x_wconf 84' lang='lat' dir='ltr'>i</span> <span class='ocrx_word' id='word_1_321' title='bbox 1967 3395 2040 3429; x_wconf 89' lang='lat' dir='ltr'><strong><em>m.</em></strong></span> <span class='ocrx_word' id='word_1_322' title='bbox 2067 3375 2114 3429; x_wconf 92' lang='lat' dir='ltr'>B</span> <span class='ocrx_word' id='word_1_323' title='bbox 2225 3376 2255 3431; x_wconf 86' lang='grc' dir='ltr'>ὁ</span> <span class='ocrx_word' id='word_1_324' title='bbox 2295 3348 2437 3432; x_wconf 55' lang='lat' dir='ltr'><strong>ante,</strong></span> 
     </span>
     <span class='ocr_line' id='line_1_35' title="bbox 403 3444 2438 3574; baseline 0.001 -76.001"><span class='ocrx_word' id='word_1_325' title='bbox 403 3450 669 3574; x_wconf 58' lang='grc' dir='ltr'><strong><em>βῖαχἨ</em></strong></span> <span class='ocrx_word' id='word_1_326' title='bbox 601 3446 655 3499; x_wconf 88' lang='grc' dir='ltr'><strong>Κ</strong></span> <span class='ocrx_word' id='word_1_327' title='bbox 690 3444 822 3499; x_wconf 76' lang='lat' dir='ltr'><strong>Litt.</strong></span> <span class='ocrx_word' id='word_1_328' title='bbox 972 3451 1036 3501; x_wconf 89' lang='lat'><strong><em>18</em></strong></span> <span class='ocrx_word' id='word_1_329' title='bbox 1085 3447 1143 3512; x_wconf 81' lang='grc' dir='ltr'><strong><em>ές</em></strong></span> <span class='ocrx_word' id='word_1_330' title='bbox 1175 3467 1222 3501; x_wconf 93' lang='grc' dir='ltr'><strong><em>τ.</em></strong></span> <span class='ocrx_word' id='word_1_331' title='bbox 1259 3468 1307 3501; x_wconf 91' lang='grc' dir='ltr'><strong><em>τ.</em></strong></span> <span class='ocrx_word' id='word_1_332' title='bbox 1344 3467 1391 3501; x_wconf 88' lang='grc' dir='ltr'><strong><em>τ.</em></strong></span> <span class='ocrx_word' id='word_1_333' title='bbox 1427 3468 1484 3516; x_wconf 83' lang='grc' dir='ltr'><strong><em>μ.</em></strong></span> <span class='ocrx_word' id='word_1_334' title='bbox 1523 3464 1629 3502; x_wconf 82' lang='lat' dir='ltr'><strong><em>om.</em></strong></span> <span class='ocrx_word' id='word_1_335' title='bbox 1659 3447 1778 3501; x_wconf 92' lang='lat' dir='ltr'><strong><em>MV</em></strong></span> <span class='ocrx_word' id='word_1_336' title='bbox 1905 3452 1988 3502; x_wconf 82' lang='lat'><strong><em>19</em></strong></span> <span class='ocrx_word' id='word_1_337' title='bbox 2036 3446 2195 3502; x_wconf 63' lang='grc' dir='ltr'><strong><em>θέλει</em></strong></span> <span class='ocrx_word' id='word_1_338' title='bbox 2227 3448 2294 3515; x_wconf 91' lang='grc' dir='ltr'><strong><em>Β,</em></strong></span> <span class='ocrx_word' id='word_1_339' title='bbox 2335 3468 2438 3517; x_wconf 83' lang='grc' dir='ltr'><strong><em>φι-</em></strong></span> 
     </span>
    </p>
   </div>
   <div class='ocr_carea' id='block_1_6' title="bbox 2569 290 2572 403">
    <p class='ocr_par' dir='ltr' id='par_1_8' title="bbox 2569 280 2572 403">
     <span class='ocr_line' id='line_1_36' title="bbox 2569 290 2572 403; baseline 0 0"><span class='ocrx_word' id='word_1_340' title='bbox 2569 290 2572 403; x_wconf 62' lang='lat'><em>1</em></span> 
     </span>
    </p>
   </div>
   <div class='ocr_carea' id='block_1_7' title="bbox 2570 999 2573 1622">
    <p class='ocr_par' dir='ltr' id='par_1_9' title="bbox 2570 999 2573 1622">
     <span class='ocr_line' id='line_1_37' title="bbox 2570 999 2573 1622; baseline 0 0"><span class='ocrx_word' id='word_1_341' title='bbox 2570 999 2573 1622; x_wconf 95' lang='lat' dir='ltr'><strong><em> </em></strong></span> 
     </span>
    </p>
   </div>
  </div>
 </body>
</html>
