2588 3876
908 143 1082 194 ΠΕΡΙ
1104 142 1372 194 ,ΑΓΜΩΝ
1410 147 1475 194 31
2116 140 2201 205 95

210 300 467 368 ἐπιδεῖν·
534 298 728 379 οὗτος
773 298 847 367 δὲ
894 302 930 368 ὁ
975 305 1219 388 τρόπος
1262 305 1436 368 πολὺ
1481 303 1770 388 ὑστερεῖ,
1833 303 2084 385 βλάβας
2129 304 2209 369 δέ

207 432 373 485 τινας
438 410 548 474 καὶ
620 410 821 485 ἄλλας
866 411 1023 494 ἔχει·
1098 408 1262 475 ἀλλὰ
1334 410 1588 495 μακρὸν
1660 408 1746 474 ἂν
1817 415 1917 493 εἴη
1988 410 2203 476 πάντα

208 516 485 601 γράφειν.

328 613 474 687 Οἷσι
520 617 594 686 δὲ
640 620 834 687 ὀστέα
876 625 1235 707 κατεηγότα
1275 624 1386 687 καὶ
1424 621 1764 707 ἐξίσχοντα
1799 625 1891 708 μὴ
1924 625 2202 707 δύνηται

207 726 264 803 ἐς
294 729 408 812 τὴν
442 727 707 794 ἑωυτῶν
740 731 963 815 χώρην
997 731 1512 815 καθιδρύεσθαι,
1553 730 1672 812 ἥδε
1707 729 1748 813 ἡ
1785 731 2201 808 κατάστασις·
2255 755 2279 796 5

208 834 453 920 σιδήρια
486 838 609 921 χρὴ
645 842 988 901 ποιεῖσθαι
1029 834 1096 913 ἐς
1138 843 1382 901 τοῦτον
1425 836 1543 901 τὸν
1577 839 1849 921 τρόπον,
1886 837 2090 923 ὅνπερ
2138 839 2203 903 οἱ

205 943 417 1025 μοχλοὶ
472 945 763 1027 ἔχουσιν,
795 933 925 1019 ὀἷς
984 943 1055 1007 oc
1104 943 1387 1007 λατύποι
1439 942 1779 1028 χρέωνται,
1836 943 1911 1008 τὸ
1958 944 2081 1028 μέν
2138 967 2202 1010 τι

203 1048 612 1133 πλατύτερον,
666 1049 740 1114 τὸ
797 1047 877 1113 δέ
925 1072 991 1114 τι
1051 1051 1464 1133 στενότερον·
1547 1044 1719 1114 εἶναι
1779 1045 1854 1114 δὲ
1911 1052 2033 1136 χρὴ
2092 1051 2203 1116 καὶ

203 1156 336 1236 τρία
390 1155 496 1219 καὶ
551 1158 650 1220 ἔτι
702 1160 935 1239 πλείω,
990 1157 1079 1233 ὡς
1130 1166 1308 1222 τοῖσι
1361 1157 1641 1240 μάλιστα
1686 1155 2061 1241 ἁρμόσουσί
2103 1180 2218 1250 τις,

202 1262 516 1344 χρήσεται·
574 1265 799 1327 ἔπειτα
850 1262 1146 1329 τούτοισι
1198 1264 1323 1348 χρὴ
1370 1263 1501 1345 ἅμα
1552 1272 1631 1348 τῇ
1685 1264 2031 1328 κατατάσει
2085 1287 2201 1347 μο-
2229 1295 2281 1334 ιο

201 1367 442 1448 χλεύειν
465 1368 953 1452 ὑποβάλλοντα,
987 1370 1153 1454 πρὸς
1179 1365 1303 1452 μὲν
1333 1369 1409 1433 τὸ
1445 1353 1784 1455 κατωτέρω
1820 1379 1938 1435 τοῦ
1967 1369 2200 1436 ὀστέου

203 1472 266 1536 τὸ
305 1476 672 1560 κατώτερον
717 1475 1080 1560 ἐρείδοντα,
1123 1476 1290 1560 πρὸς
1337 1471 1412 1540 δὲ
1457 1476 1531 1540 τὸ
1578 1475 1880 1562 ἀνωτέρω
1923 1478 1996 1542 τὸ
2034 1476 2202 1542 ἀνώ-

204 1600 377 1664 τερον
428 1590 548 1646 τοῢ
607 1583 937 1666 σιδηρίου,
993 1581 1177 1669 ἁπλῷ
1232 1578 1309 1646 δὲ
1369 1584 1565 1669 λόγῳ,
1621 1583 1838 1667 ὥσπερ
1886 1584 1945 1647 εἰ
1999 1586 2201 1648 λίθον

204 1707 287 1760 τις
334 1685 373 1769 ἢ
428 1685 630 1765 ξύλον
685 1689 998 1773 μοχλεύοι
1046 1689 1357 1773 ἰσχυρῶς·
1439 1690 1604 1752 ἔστω
1650 1684 1725 1753 δὲ
1773 1690 2068 1773 σθεναρόε
2121 1691 2200 1754 τὰ

207 1792 450 1878 σιδήρια
503 1794 593 1871 ὡς
638 1785 787 1860 οἶόν
829 1818 929 1878 τε,
985 1794 1072 1870 ὡς
1124 1795 1211 1877 μὴ
1265 1793 1647 1876 κάμπτηται.
1738 1793 1901 1878 αὕτη
1952 1795 2196 1878 μεγάλη
2227 1822 2277 1864 15

205 1902 478 1986 τιμωρίη,
522 1900 610 1985 ἢν
653 1902 734 1967 τά
776 1924 850 1967 τε
894 1900 1161 1987 σιδήρια
1207 1900 1541 1986 ἐπιτήδεια
1575 1891 1619 1988 ᾗ
1652 1901 1763 1966 καὶ
1807 1901 2204 1985 μοχλεύηταί

205 2027 289 2081 τις
316 2007 401 2085 ὡς
435 2011 586 2095 χρή·
624 2009 837 2075 ὁπόσα
863 2010 989 2094 γὰρ
1026 2008 1414 2093 ἀνθρώποις
1449 2002 1700 2095 ἄρμενα
1734 2009 2199 2094 μεμηχάνηται,

203 2112 448 2179 πάντων
484 2116 879 2202 ἰσχυρότατά
916 2114 1056 2180 ἐστι
1088 2118 1239 2201 τρία
1272 2123 1501 2198 ταῦτα,
1528 2117 1692 2181 ὄνου
1728 2119 1797 2181 τε
1824 2119 2199 2202 περιαγωγὴ

205 2218 298 2281 καὶ
338 2222 686 2305 μόχλευσις
728 2221 839 2286 καὶ
884 2222 1240 2305 σφήνωσις.
1314 2222 1476 2287 ἄνευ
1522 2217 1595 2286 δὲ
1640 2222 1895 2287 τούτων
1937 2221 2085 2301 ἑνός
2128 2223 2205 2289 τέ

203 2326 364 2403 τίνος
412 2327 454 2411 ἢ
509 2329 782 2393 πάντων
836 2324 1039 2392 οὐδὲν
1093 2338 1228 2393 τῶν
1282 2330 1499 2414 ἔργων
1556 2339 1692 2393 τῶν
1752 2330 2198 2414 ἰσχυροτάτων
2225 2357 2279 2396 20

205 2430 260 2492 οἱ
295 2429 304 2516 Ι
340 2434 684 2520 ἄνθρωποι
741 2432 1163 2499 ἐπιτελέουσι.
1256 2435 1506 2500 οὔκουν
1562 2433 1909 2519 ἀτιμαστέη
1963 2434 2004 2518 ἡ
2063 2438 2179 2518 μό·-
2200 2452 2303 2502 530

327 2593 359 2640 4
402 2588 649 2647 ὁκόσοισι
684 2589 806 2643 MV
856 2642 862 2648 .
912 2593 1043 2644 ante
1080 2589 1191 2646 ὀστ.
1230 2591 1359 2646 add.
1397 2590 1468 2644 τὰ
1502 2589 1623 2644 MV
1766 2595 1797 2643 5
1837 2589 1940 2659 τὴν
1977 2589 2197 2645 ἑωυτῶν

205 2670 294 2711 om.
322 2658 404 2728 B1‚
442 2679 512 2717 ss,
539 2662 618 2715 B⁸
716 2665 977 2729 καθοιδρ.
1008 2662 1054 2715 Β
1143 2662 1446 2726 κατάτασις
1467 2650 1616 2728 ⁵MV,
1653 2677 1875 2715 καταστ.
1913 2661 1959 2713 Β
1998 2660 2118 2715 Gal.
2150 2678 2195 2715 e.

241 2734 368 2784 ‚591
511 2739 543 2787 6
583 2731 838 2802 σιδήρεια
874 2732 933 2785 Μ
1003 2731 1301 2788 ποιέεσθαι
1340 2732 1498 2787 codd.
1576 2730 1742 2801 ὅνπερ
1774 2731 1863 2798 B1,
1903 2730 2065 2786 ὁκοῖα
2091 2751 2195 2800 περ

248 2797 279 2863 ⁸,
314 2796 476 2872 οὗπερ
503 2803 605 2871 Pq.
728 2809 758 2857 ⁷
795 2804 1067 2858 ὑλατύποι
1102 2820 1204 2873 pro
1234 2803 1290 2859 οἱ
1316 2807 1361 2858 λ.
1390 2803 1512 2857 MV
1564 2802 1734 2872 χρέω-
1771 2802 1985 2872 scripsi,
2060 2812 2197 2872 ρῶν-

202 2885 282 2921 ται
313 2869 355 2922 Β
421 2872 543 2942 ρέο-
582 2876 686 2928 oet.
797 2880 829 2928 8
868 2876 1084 2931 στενώτ.
1123 2874 1244 2928 MV
1350 2880 1381 2928 9
1421 2877 1612 2929 πλεῖον
1649 2873 1768 2928 MV
1854 2882 1973 2936 τοῖς
2075 2874 2127 2928 V

203 2935 368 3008 ἅρμόζ.
387 2895 506 2999 MV
591 2950 658 2998 10
677 2945 941 3016 χρήσαιτο
961 2945 1080 3000 MV
1133 2944 1406 3002 τουτέοισι
1426 2945 1585 2999 codd.
1662 2950 1725 2998 11
1748 2945 1940 3016 ὑπερβ.
1960 2945 2059 3013 Pq.
2079 2945 2197 3015 pri-

204 3024 283 3062 ore
298 3011 412 3069 loco
441 3017 755 3083 κατώτερον
775 3016 991 3083 ΒΙΜῪ,
1032 3034 1166 3071 corr.
1198 3015 1362 3085 -τέρω
1380 3015 1456 3068 B⁸
1528 3016 1766 3070 alterum
1791 3016 1856 3070 τὸ
1884 3018 2196 3085 κατώτερον

203 3093 293 3158 pm.
327 3083 512 3153 BMV,
550 3095 652 3141 τοῦ
693 3086 799 3141 ὀστ.
831 3104 935 3142 om.
965 3088 1055 3155 B1‚
1093 3096 1191 3142 τοῦ
1231 3085 1423 3142 ὀστέου
1456 3088 1520 3142 τὸ
1557 3089 1868 3156 κατώτερον
1907 3087 2082 3141 adeor.
2122 3088 2197 3141 13²

201 3164 438 3226 mmarg.
552 3163 617 3211 12
667 3156 801 3225 ἐρίδ.
831 3158 876 3211 Β
948 3159 1230 3228 ἀνώτερον
1265 3163 1341 3232 τῷ
1372 3157 1627 3227 ἀνωτέρω
1664 3158 1798 3224 MV,
1838 3159 2095 3228 ἀνωτερω
2131 3180 2195 3213 το

203 3220 436 3295 ἅνωτερω
470 3228 533 3293 Β,
581 3229 706 3282 loco
742 3229 1049 3297 posteriore
1087 3229 1284 3299 scripsi
1322 3230 1601 3300 ἀνώτερον
1712 3234 1777 3283 15
1816 3228 2030 3285 οἴονται
2066 3230 2126 3282 Μ

207 3295 265 3344 16
296 3314 351 3349 τε
383 3297 449 3351 τὰ
482 3298 604 3353 MV
694 3299 952 3368 ἐπιτήδια
986 3299 1039 3370 Β4
1118 3294 1154 3368 ἦ
1192 3316 1298 3354 om.
1328 3298 1447 3353 MV
1545 3301 1643 3354 καὶ
1679 3317 1783 3354 om.
1813 3301 1858 3353 B
1958 3301 2194 3370 μοχλεύη

202 3380 254 3425 ,τε
285 3364 327 3417 Β
430 3374 495 3422 17
532 3369 614 3424 ὁκ.
645 3369 765 3424 MV
836 3369 961 3440 ἅρμ.
999 3370 1177 3424 ΒΜῪ
1211 3370 1381 3440 vulg,
1418 3370 1545 3440 ἅρμ.
1583 3372 1732 3424 Part.
1772 3372 1894 3425 FIJ
2012 3375 2077 3423 18
2117 3365 2194 3424 ὧν

206 3428 238 3500 ’ἦ
268 3452 359 3503 pro
395 3437 524 3495 ὄνου
558 3440 611 3495 V
757 3446 819 3495 19
869 3443 1000 3495 ant-e
1048 3439 1173 3505 ἑνός
1209 3441 1338 3495 add.
1377 3437 1411 3508 ἢ
1447 3440 1568 3494 MV
1710 3448 1776 3495 21
1826 3438 2193 3494 ἐπιτελέουσιν

206 3499 387 3559 MVB⁸
454 3512 553 3566 οὐκ
590 3508 694 3568 οὖν
731 3510 1031 3581 ἀτιμαστέα
1068 3511 1120 3565 V
1192 3509 1333 3580 αὕτη
1371 3511 1406 3580 ἡ
1445 3510 1594 3581 μόχλ.
1633 3508 1753 3563 ΜῪ
