2588 3876
314 137 442 200 174
825 138 999 188 ΠΕΡΙ
1035 136 1326 208 ΑΡΘΡΩΝ
1363 137 1724 187 ΕΜΒΟΛΗΣ
1762 139 1830 187 46

309 297 622 363 ἀπόλοιτο
669 334 758 343 —-
804 295 845 380 ἢ
892 298 956 361 εἴ
995 320 1097 373 τις
1151 295 1266 381 ἀφ’
1312 298 1579 380 ὑψηλοῦ
1634 319 1755 361 του
1813 299 2063 382 χωριόυ
2120 297 2366 361 πεσὼν

310 402 582 489 ἐρείσειε
627 412 845 467 τοῖσιν
892 403 1206 488 ῑσχίοισιν
1260 402 1302 486 ἢ
1358 412 1576 468 τοῖσιν
1630 403 1931 487 ὤμοισιν.
2023 401 2191 466 ἀλλὰ
2237 404 2360 467 καὶ

309 510 519 585 οὕτως
564 507 650 572 ἂν
695 508 1060 591 ἀποθάνοι,
1115 517 1512 594 παραχρῆμα
1566 504 1641 572 δὲ
1688 508 1813 573 οὐκ
1857 507 1942 573 ἂν
1989 508 2359 573 ἀποθάνοι.

309 614 380 680 ἐκ
437 611 510 679 δὲ
565 623 686 679 τοῦ
745 615 1032 679 ὄπισθεν
1087 614 1169 678 οὐ
1225 614 1496 701 ῥηίδιον
1548 616 1867 698 τοιαύτην
1925 613 2196 691 ἔξαλσιν
2242 638 2357 698 γε·-

255 745 278 785 5
307 719 549 786 νέσθαι
595 720 662 797 ἐς
705 721 780 785 τὸ
827 718 987 804 ἔσω,
1048 722 1107 785 εἰ
1151 723 1240 806 μὴ
1285 719 1630 807 ὑπέρβαρύ
1676 744 1739 786 τι
1785 721 1996 805 ἄχθος
2043 719 2352 804 ἐμπέσοι·

306 838 442 891 τῶν
485 849 556 890 τε
601 828 728 912 γὰρ
774 826 1023 892 ὀστέων
1066 837 1203 892 τῶν
1251 826 1720 912 ἐκπεφυκότων
1774 825 1895 905 ἔξω
1943 828 2019 892 ἓν
2062 825 2358 891 ἕκαστον

305 934 613 997 τοιοῦτόν
660 931 863 1017 ἐστιν,
909 934 1077 998 ὥστε
1121 935 1425 1019 πρόσθεν
1463 932 1548 998 ἂν
1584 932 1745 997 αὐτὸ
1781 943 2146 1017 καταγῆναι
2182 934 2354 1018 πρὶν

305 1038 346 1121 ἢ
392 1039 685 1123 μεγάλην
744 1039 960 1125 ῥοπὴν
1017 1036 1145 1103 ἔσω
1204 1047 1513 1122 ποιῆσαι,
1576 1039 1736 1115 τούς
1787 1061 1859 1104 τε
1924 1036 2348 1121 συνδέσμους

305 1146 714 1229 βιησάμενον
764 1145 877 1209 καὶ
928 1147 1010 1209 τὰ
1065 1147 1290 1231 ἄρθρα
1344 1146 1427 1209 τὰ
1484 1143 1953 1227 ἐνηλλαγμένα.
2044 1144 2082 1208 ὅ
2138 1167 2210 1209 τε
2258 1139 2347 1209 αὖ

227 1277 280 1315 10
306 1261 613 1329 νωτιαῑος
670 1253 910 1334 πονοίη
970 1252 1084 1334 ἄν,
1144 1252 1204 1316 εἰ
1250 1248 1316 1327 ἐξ
1378 1250 1612 1333 ὀλίγου
1670 1253 1920 1336 χωρίου
1977 1251 2102 1334 τὴν
2158 1271 2349 1336 περι-

303 1360 568 1441 καμπην
595 1360 752 1441 ἔχοι,
789 1357 1106 1440 τοιαύτην
1141 1354 1409 1434 ἔξαλσιν
1447 1355 1886 1439 ἐξαλλομένου
1917 1358 2346 1440 σφονδύλου·

304 1463 341 1527 ὅ
387 1486 458 1528 τε
503 1462 875 1546 ἐκπηδήσας
919 1464 1303 1546 σφόνδυλος
1347 1463 1556 1542 πιέζοι
1603 1461 1688 1530 ἂν
1731 1463 1855 1527 τὸν
1898 1471 2236 1546 νωτιαῖον,
2284 1465 2346 1528 εἰ

302 1569 391 1653 μὴ
436 1570 545 1634 καὶ
583 1567 986 1655 ἀπορρήξειε.
1067 1567 1367 1653 πιεχθεὶς
1413 1566 1471 1633 δ’
1520 1567 1605 1633 ἂν
1648 1567 1759 1634 καὶ
1806 1567 2344 1654 ἄπολελαμμένος

302 1679 570 1740 πολλῶν
625 1674 712 1740 ἂν
764 1675 872 1740 καὶ
925 1675 1232 1758 μεγάλων
1287 1673 1399 1739 καὶ
1454 1674 1816 1762 ἐπικαίρων
1870 1673 2343 1761 ἄπονάρκωσιν

224 1805 275 1845 15
303 1783 669 1864 ποιήσειεν·
725 1780 892 1845 ὥστε
928 1780 1052 1845 οὐκ
1088 1779 1173 1843 ἂν
1208 1779 1399 1864 μέλοι
1434 1789 1526 1867 τῷ
1567 1782 1798 1869 ἰητρῷ,
1846 1780 2023 1857 ὅπως
2057 1782 2181 1866 χρὴ
2219 1782 2340 1846 τὸν

304 1888 694 1971 σφόνδυλον
737 1893 1192 1974 κατορθῶσαι,
1236 1889 1510 1952 πολλῶν
1545 1884 1655 1952 καὶ
1691 1888 1930 1970 βιαίων
1967 1889 2190 1953 ἄλλων
2224 1910 2341 1953 κα·-

199 2009 299 2057 198
320 2004 458 2058 κῶν
494 1995 897 2079 παρεόντων.
969 1994 1135 2057 ὥστε
1176 1992 1185 2076 Ι
1227 1993 1311 2077 δὴ
1350 1990 1495 2057 οὐδ’
1543 1991 1853 2078 ἐμβαλεῖν
1888 1985 2035 2059 οἶόν
2071 2016 2142 2058 τε
2177 1996 2339 2080 πρό-

303 2100 511 2182 δηλον
555 2097 677 2163 τὸν
724 2107 1032 2163 τοιοῦτον
1078 2099 1230 2163 οὔτε
1277 2102 1650 2164 κατασείσει
1696 2099 1848 2163 οὔτε
1886 2099 2064 2187 ἄλλω
2109 2102 2332 2187 τρόπω

303 2204 566 2288 οὐδενί,
630 2207 690 2270 εἰ
748 2206 837 2288 μή
903 2227 1004 2281 τις
1067 2205 1408 2288 διαταμὼν
1469 2203 1591 2269 τὸν
1655 2206 2048 2291 ἄνθρωπον,
2114 2207 2337 2270 ἔπειτα

447 2472 475 2519 1
516 2467 838 2532 ἀπολλοιτο,
877 2485 932 2520 οι
958 2465 1019 2518 in
1050 2481 1176 2519 raso
1204 2466 1348 2532 1000,
1384 2466 1445 2519 M
1562 2473 1594 2520 2
1630 2475 1775 2520 τοῖσι
1809 2466 1855 2519 Β
1976 2473 2007 2520 5
2046 2465 2175 2520 εἴσω
2204 2466 2264 2518 Μ

301 2537 375 2590 ad.
403 2537 440 2591 ἄ
475 2541 586 2599 θος
612 2536 648 2589 i.
677 2555 752 2591 m.
793 2535 966 2608 βάρος
1001 2536 1076 2589 B²
1159 2535 1184 2590 ἐ
1186 2536 1449 2605 μπέσοιτο
1478 2537 1524 2589 Β
1643 2543 1675 2590 6
1715 2537 1765 2591 εἰ
1789 2554 1892 2606 pro
1918 2546 2033 2591 τῶν
2060 2537 2150 2601 B1,
2191 2553 2325 2590 corr.

473 2608 657 2672 ξωθεν
694 2624 796 2677 pro
836 2608 936 2672 ἔξω
976 2607 1037 2663 ἓν
1065 2557 1222 2661 ΜῩμ
1297 2613 1327 2661 7
1368 2607 1585 2678 ἐστι(ν’)
1623 2607 1683 2660 Μ
1753 2605 2023 2677 καταγείη
2052 2606 2326 2673 MVGal„

299 2679 369 2732 de
405 2679 551 2748 plac.
589 2678 743 2768 Hipp
706 2697 759 2747 p.
799 2680 857 2732 et
892 2678 975 2731 Pl.
1016 2683 1118 2731 760
1156 2677 1363 2731 Mfiller
1508 2683 1540 2731 8
1578 2677 1705 2733 εἴσω
1746 2679 1905 2732 codd.
1988 2629 2173 2744 ηξυνδ.
2210 2677 2330 2731 MV

441 2754 472 2801 9
524 2748 790 2818 ποιησάμ.
820 2748 955 2815 MV,
992 2769 1077 2819 γρ.
1117 2748 1214 2801 καὶ
1243 2748 1585 2839 βιασάμενον
1623 2748 1696 2801 ab
1725 2748 1847 2802 ead..
1877 2765 2027 2802 man.
2066 2749 2103 2802 i.
2142 2767 2213 2801 m.
2253 2747 2325 2812 M,

300 2818 524 2889 βιασάμ.
563 2820 626 2887 Β,
666 2820 810 2890 βιησ.
840 2819 886 2871 Ε
925 2822 982 2873 et
1009 2820 1046 2874 i
1075 2837 1147 2872 m.
1178 2818 1233 2871 H
1307 2818 1451 2873 κατὰ
1478 2837 1580 2888 pro
1617 2820 1715 2874 καὶ
1749 2819 1821 2873 τὰ
1857 2819 1979 2874 MV
2052 2835 2223 2888 supra
2257 2818 2327 2873 τὰ

299 2889 491 2957 ἄρθρα
533 2908 603 2944 se.
642 2891 774 2952 τους
820 2890 1166 2953 σπονδύλους
1201 2889 1277 2942 Β8
1391 2909 1464 2944 τα
1509 2890 1853 2960 ἐνηλαγμενα
1901 2893 1955 2943 Γ
2067 2888 2096 2943 ὅ
2136 2909 2237 2945 τε.

299 2995 490 3049 ἔπειτα
519 2998 629 3065 (19)
668 3013 772 3050 om.
815 2999 869 3049 Γ
1008 3001 1072 3049 11
1114 2996 1173 3067 ιχ
1177 2980 1246 3049 2⁰⁶⁶
1280 2995 1363 3061 M,
1415 2995 1473 3066 ιχ
1477 3015 1527 3050 ει
1562 2995 1614 3049 v
1722 2995 1970 3060 ἐξέλασιν
2007 2996 2079 3062 Β
2120 3013 2254 3049 con·

296 3065 737 3135 ἐξαλασσομένου
772 3066 856 3132 M,
893 3065 930 3118 i.
969 3085 1042 3120 m.
1081 3087 1164 3136 γρ.
1204 3067 1304 3120 καὶ
1340 3016 1703 3136 ἐξαλλομένου
1814 3069 1945 3120 ante
1984 3066 2157 3131 ἐξαλλ.
2197 3064 2321 3119 add.

295 3137 393 3189 καὶ
433 3135 480 3188 V
626 3142 691 3189 13
731 3152 901 3205 supra
938 3137 1157 3191 ἀπολελ.
1198 3155 1268 3191 se.
1310 3157 1715 3206 κεκρατημενος
1750 3138 1826 3191 B³
1972 3142 2039 3190 14
2087 3134 2161 3192 ἂν
2196 3138 2325 3205 post

293 3208 511 3260 πολλῶν
558 3223 664 3259 om.
704 3206 826 3260 Gal
865 3207 940 3260 ib.
1060 3207 1208 3277 μέλει
1251 3217 1364 3263 τῶν
1411 3209 1614 3277 ἰητρῶν
1662 3207 1814 3271 ὁπως
1851 3207 1896 3260 Β
2017 3207 2098 3262 ὁκ.
2150 3155 2252 3261 cept

297 3280 364 3327 17
403 3274 430 3328 ἐ
430 3274 619 3346 μβάλλ.
657 3277 703 3330 Β
886 3283 1069 3331 17.18
1122 3296 1197 3347 πρ
1204 3277 1286 3332 όδ.
1325 3278 1426 3334 τὸν
1471 3297 1518 3332 τ.
1557 3278 1686 3333 οὔτε
1725 3300 1773 3332 κ.
1814 3278 1942 3333 οὔτε
1990 3278 2044 3332 ἄ.
2082 3299 2148 3347 τρ
2154 3278 2318 3331 ο.ὐ.δ

294 3363 370 3413 πρ
375 3344 457 3397 όὸ.
497 3344 559 3398 τὸ
595 3364 641 3398 τ
680 3347 751 3410 Β,
792 3346 891 3399 sed.
924 3300 1197 3402 ultima?
1191 3365 1355 3403 voces
1392 3351 1506 3404 tres
1536 3349 1643 3402 del.
1674 3349 1763 3415 B⁸‚
1802 3367 1878 3417 πρ
1882 3348 1965 3402 όὸ
2004 3349 2069 3404 τὸ
2105 3368 2151 3402 τ.
2192 3350 2320 3402 ante

297 3365 370 3467 εἰρ
382 3414 455 3483 μὴ
492 3414 612 3468 MV
731 3420 796 3468 19
841 3418 954 3472 τινὶ
990 3435 1090 3487 pro
1131 3420 1324 3474 οὐδενὶ
1361 3419 1412 3473 V
1485 3420 1627 3474 ἄλλω
1666 3370 1878 3475 οὐδενὶ
1891 3439 1973 3488 τρ.
2015 3418 2136 3472 Gal.
2176 3418 2249 3472 ib.

298 3485 509 3552 διατεμ.
551 3484 672 3537 Gal.
711 3484 787 3539 ib.
