2588 3876
349 143 432 207 12
601 144 775 197 ΠΕΡΙ
809 143 956 195 ΤΩΝ
991 145 1090 196 ΕΝ
1125 144 1462 194 ΚΕΦΑΛΗῙ
1495 142 1886 194 ΤΡῼΜΑΤΩΝ
1925 144 2007 193 10.
2041 146 2103 193 11

344 304 455 372 καὶ
502 311 571 371 εἴ
605 328 671 370 τι
716 302 850 389 ἔχει
886 303 962 370 ἐν
996 302 1220 393 ἑωυτῷ
1251 303 1292 386 ἢ
1333 304 1415 368 οὐ
1449 302 1819 368 πέπονθεν·
1865 302 2008 369 ἀλλ’
2052 302 2261 390 ἕδρην
2293 328 2374 371 τε

345 419 467 478 τοῦ
518 410 747 494 βέλεος
800 409 1121 495 ἐξελέγχει
1174 414 1492 495 μήλωσις,
1551 409 1665 475 καὶ
1722 408 1810 493 ἣν
1872 408 2226 498 ἐμφλασθῇ
2290 413 2373 477 τὸ

347 516 583 583 ὀστέον
627 516 754 583 ἔσω
801 516 873 582 ἐκ
917 527 1032 601 τῆς
1086 517 1340 601 φύσιος·
1382 526 1498 600 τῆς
1551 514 1826 599 ἑωυτοῦ,
1879 514 1989 581 καὶ
2044 518 2130 602 ἢν
2186 520 2374 603 ἰσχυ-

347 635 480 710 ρῶς
525 624 692 711 ραγῇ
738 624 814 688 τὸ
863 623 1115 707 ὀστέον,
1172 625 1337 707 ἅπερ
1383 621 1494 688 καὶ
1547 632 1688 699 τοῖς
1743 622 2121 708 ὀφθαλμοῖς
2174 648 2373 690 κατα-

294 756 320 797 5
348 730 562 815 φανέα
607 729 746 796 ἐστὶ
790 730 1050 816 ὁρῶντα
1093 731 1464 814 γινώσκειν.

485 855 586 919 11.
625 852 968 939 Ῥήγνυται
1014 855 1089 919 δὲ
1132 857 1208 920 τὸ
1246 853 1483 919 ὀστέον
1517 854 1633 930 τοὶς
1668 877 1739 919 τε
1773 853 2067 939 ἀφανέας
2102 855 2379 940 ῥωγμιὶς

345 959 457 1025 καὶ
502 961 618 1037 τὰς
663 963 955 1045 φανερὰς
1000 959 1111 1026 καὶ
1157 966 1402 1045 φλᾶται
1445 961 1561 1037 τὰς
1606 959 1896 1045 ἀφανέας
1942 961 2227 1044 φλάσιας
2260 960 2375 1027 καὶ

348 1065 667 1151 ἐσφλᾶται
711 1065 839 1133 ἔσω
886 1066 958 1132 ἐκ
1005 1077 1120 1151 τῆς
1156 1068 1402 1151 φύσιος
1436 1076 1551 1151 τῆς
1593 1066 1844 1132 ἑωυτοῦ
1884 1068 2185 1152 μάλιστα,
2223 1067 2376 1133 ὁκό-

243 1184 348 1233 216
373 1197 497 1238 ταν
532 1172 753 1259 ἕτερος
787 1173 909 1258 ὑφ’
946 1172 1175 1259 ἑτέρου
1212 1170 1754 1260 τιτρωζσκόμενος
1789 1171 2088 1258 ἐπίτηδες
2122 1184 2378 1259 τρῶσαι

268 1306 322 1346 10
349 1281 760 1365 βουλόμενος
793 1279 834 1363 ἢ
872 1281 1114 1345 ὁκόταν
1155 1278 1389 1362 ἀέκων,
1425 1277 1535 1344 καὶ
1570 1279 1814 1346 ὁκόταν
1849 1279 1916 1359 ἐξ
1951 1280 2375 1366 ὑψηλοτέρου

348 1387 610 1470 γίνηται
654 1386 696 1470 ἡ
743 1389 910 1471 βολὴ
953 1385 994 1470 ἢ
1041 1386 1083 1470 ἡ
1129 1390 1378 1470 πληγή,
1432 1386 1702 1471 ὁκοτέρη
1751 1385 1835 1452 ἄν
1887 1379 1961 1471 ᾗ,
2020 1392 2277 1471 μᾶλλον
2329 1386 2375 1471 ἢ

349 1492 591 1557 ὁκόταν
634 1490 700 1570 ἐξ
751 1491 1068 1557 ἰσοπέδου
1115 1502 1236 1558 τοῦ
1285 1494 1554 1578 χωρίου,
1601 1492 1712 1558 καὶ
1756 1492 1844 1577 ἢν
1888 1503 2247 1579 περικρατῇ
2292 1503 2377 1581 τῇ

349 1598 519 1683 χειρὶ
563 1601 638 1664 τὸ
685 1599 898 1682 βέλος,
942 1602 1030 1684 ἤν
1072 1623 1142 1665 τε
1187 1600 1399 1685 βάλλῃ
1444 1602 1531 1684 ἤν
1576 1622 1646 1664 τε
1681 1600 1912 1684 τύπτῃ,
1957 1598 2068 1665 καὶ
2107 1601 2376 1685 ἰσχυρό-

347 1728 538 1790 τερος
583 1704 713 1771 ἐὼν
756 1705 1240 1790 ἀσθενέστερον
1283 1706 1627 1791 τιτρώσκῃ.
1701 1706 1927 1772 ὁκόσοι
1975 1706 2051 1770 δὲ
2093 1708 2375 1771 πίπτον-

268 1837 321 1877 15
347 1836 454 1888 τες
488 1813 962 1898 τιτρώσκονται
997 1815 1163 1897 πρός
1200 1836 1271 1876 τε
1307 1814 1382 1876 τὸ
1421 1810 1658 1877 ὀστέον
1682 1810 1793 1877 καὶ
1821 1812 1982 1877 αὐτὸ
2010 1814 2085 1877 τὸ
2115 1812 2377 1897 ὀστέον,

350 1918 385 1985 ὁ
435 1917 561 1984 ἀπὸ
590 1916 1039 2002 Ἴὑψηλοτάτου
1095 1921 1357 1984 πίπτων
1413 1916 1523 1984 καὶ
1584 1916 1692 1985 ἐπὶ
1754 1921 2202 2005 σκληρότατον
2260 1917 2375 1988 καὶ

245 2036 348 2085 218
381 2025 820 2109 ἀμβλύτατον,
865 2026 1080 2113 τούτῳ
1125 2026 1444 2102 κίνδυνος
1487 2026 1562 2091 τὸ
1605 2023 1614 2112 Ι
1656 2025 1890 2091 ὀστέον
1936 2026 2216 2112 ρ”αγῆναι
2261 2026 2377 2092 καὶ

351 2137 738 2214 φλασθῆναι
791 2130 903 2196 καὶ
957 2128 1085 2196 ἔσω
1141 2130 1605 2216 ἐσφλασθῆναι
1658 2130 1732 2197 ἐκ
1783 2142 1899 2216 τῆς
1959 2133 2201 2216 φύσιος
2257 2143 2378 2218 τῆς

352 2236 621 2302 ἑωυτοῦ.
710 2245 801 2325 τῷ
849 2236 910 2301 δ’
966 2236 1031 2315 ἐξ
1088 2237 1406 2304 ἰσοπέδου
1465 2247 1586 2303 τοῦ
1647 2240 1894 2324 χωρίου
1953 2243 2209 2324 μᾶλλον
2267 2240 2376 2303 πέ-

497 2560 525 2607 1
567 2554 741 2623 ἔνεχει
777 2554 839 2622 Β,
880 2554 940 2609 ἓν
979 2555 1090 2626 ἔχει
1127 2553 1256 2608 Wb.
1395 2553 1609 2609 ἐωῦτεω
1645 2554 1708 2619 Β,
1748 2554 1926 2609 ἑαυτῶ
1963 2554 2014 2607 V
2155 2553 2216 2608 τὲ
2252 2553 2307 2607 V

352 2631 383 2678 2
422 2623 627 2697 ἐλέγχει
663 2625 709 2678 Β
820 2624 871 2679 εἰ
907 2625 1227 2694 ἐνεφλασθῆ
1264 2624 1311 2677 Β
1392 2673 1398 2680 .
1457 2631 1488 2678 3
1527 2624 1654 2680 εἴσω
1690 2625 1736 2678 Β
1860 2633 1963 2695 τῆσ
2000 2625 2216 2694 φύσηος
2251 2624 2303 2677 V

353 2696 592 2751 ἑωυτεου
628 2696 674 2748 Β
784 2696 839 2750 lo·
871 2716 1006 2765 υρος
1040 2696 1086 2748 Β
1195 2703 1229 2748 4
1265 2703 1443 2751 τοῖσιν
1472 2695 1817 2765 ὀφθαλμοῖσι
1844 2694 1897 2750 V
2001 2701 2035 2749 ὅ
2075 2696 2223 2751 ἐστὶν
2251 2695 2306 2749 V

409 2768 571 2837 γνώσ.
599 2767 662 2832 Β,
701 2787 808 2837 γιν.
990 2766 1208 2835 ὁρῶντα
1246 2768 1467 2838 γινώσκ.
1505 2783 1918 2837 supervacanea
1954 2769 2122 2838 putat
2143 2766 2377 2821 Lobeck
2466 2776 2475 2784 '

350 2787 595 2907 garalip.
630 2855 685 2907 p.
718 2843 820 2891 526
929 2844 961 2891 8
1001 2836 1239 2893 ἑωυτέου
1265 2838 1313 2890 Β
1340 2839 1406 2891 ut
1433 2837 1576 2893 solet
1676 2835 1828 2904 ὅταν,
1855 2841 1922 2893 ut
1949 2838 2107 2902 solet,
2134 2840 2377 2907 utroque

349 2942 474 2997 loco
510 2942 562 2995 V
706 2949 737 2996 9
774 2961 992 3012 τρωσαν
1028 2944 1091 3008 Β,
1132 2926 1377 3010 ἔτρωσῗιν
1412 2943 1483 3010 N,
1523 2944 1756 3012 ἔτρωσεν
1787 2944 1886 3013 Pq.
2017 2950 2083 2997 10
2120 2942 2239 2999 ἀέκ.
2275 2945 2378 2999 καὶ

354 3013 437 3068 hx.
477 3030 582 3068 om.
614 3013 665 3066 V
772 3034 955 3070 ακεων
991 3036 1040 3068 κ.
1081 3013 1163 3069 ὁκ.
1199 3014 1248 3067 Β
1356 3015 1439 3084 ὑψ
1478 3014 1600 3070 λοτέ
1736 3015 1805 3083 V,
1842 3036 2003 3084 -ρους
2037 3016 2083 3068 Β
2195 3021 2259 3068 11
2290 3013 2376 3086 γί-

351 3103 543 3155 γνεται
578 3084 625 3136 Β
753 3084 982 3155 ὁκοτερη
1082 3085 1145 3151 Β,
1186 3083 1400 3154 ὁποτερ’
1483 3107 1516 3141 ν
1551 3079 1587 3157 ᾖ
1815 3092 1879 3140 11
1920 3102 2136 3140 comma.
2171 3088 2303 3156 post
2349 3080 2372 3104 '

350 3158 556 3225 μᾶλλον
594 3154 752 3209 codd.
791 3157 923 3210 Litt.
1030 3152 1108 3208 ’τ’
1140 3153 1214 3211 ἂν
1240 3159 1308 3209 ut
1335 3172 1431 3210 sae
1470 3157 1557 3210 ius
1586 3155 1639 3211 V
1748 3162 1814 3211 12
1850 3155 2182 3227 περικρατέη
2211 3157 2316 3211 cod
2361 3200 2371 3210 .

423 3232 491 3279 14
526 3225 926 3295 ἀσθενέστερος
960 3227 1033 3293 Β,
1070 3224 1267 3293 -τέρως
1293 3227 1361 3293 V,
1398 3259 1424 3268 -
1455 3244 1647 3296 στερον
1684 3228 1739 3282 N
1871 3229 2155 3298 τιτρώσκει
2193 3227 2376 3296 codd„

350 3314 481 3368 -σκῃ
517 3297 650 3352 Litt.
781 3295 902 3353 ὅσοι
937 3297 989 3351 V
1134 3302 1200 3351 16
1235 3295 1446 3354 πῖπτον
1480 3298 1527 3353 Β
1674 3305 1737 3353 17
1774 3298 1981 3355 τουτέω
2018 3299 2083 3354 δὲ
2116 3299 2165 3352 Β
2274 3296 2376 3369 <5oe-

349 3366 520 3438 φῆναί
553 3387 614 3423 τε
650 3390 746 3423 και
783 3368 835 3422 V
998 3374 1064 3423 18
1100 3368 1231 3423 εἴσω
1266 3369 1316 3422 Β
1451 3386 1667 3439 φυσηος
1699 3372 1767 3424 ut
1802 3370 1947 3425 solet
1981 3369 2033 3423 V
2194 3375 2260 3423 19
2295 3379 2375 3425 τῶ

336 3440 512 3565 esec?
548 3438 726 3565 m‘vdov
760 3460 861 3496 του
907 3460 1113 3512 χωριου
1159 3443 1367 3510 μᾶλλον
1411 3440 1457 3493 Β
1600 3460 1647 3495 τ.
1697 3439 1752 3497 δ’
1798 3439 2121 3507 ἐξισοπέδου
2166 3444 2375 3512 μᾶλλον

348 3532 462 3583 χωρ
489 3530 556 3566 ου
