2588 3876
345 144 469 208 196
845 148 1018 196 ΠΕΡΙ
1053 146 1345 198 ΑΡΘΡΩΝ
1382 148 1739 197 ΕΜΒΟΛΗΣ
1779 151 1844 198 53

337 308 560 391 ὑγιέος
608 308 718 371 διὰ
754 308 992 391 ταύτας
1037 309 1151 383 τὰς
1186 309 1562 393 προφάσιας
1606 309 1722 384 τὰς
1760 307 2136 394 εἰρημένας,
2185 308 2289 373 ὅτι,
2320 310 2356 374 ὁ

336 412 459 496 μὲν
521 416 813 499 βραχίων
876 412 1208 496 ἐγγυτάτω
1276 415 1426 498 [τοῦ
1487 415 1779 500 ἄρθρου]
1845 424 1964 481 τοῦ
2027 417 2359 500 τρώματός

338 521 551 603 ἐστιν,
612 522 775 585 ὥστε
841 521 952 585 διὰ
1011 530 1205 585 τοῦτο
1260 523 1663 607 βραχύτερος
1719 521 2004 604 ἐγένετο·
2064 523 2099 587 ὁ
2158 521 2216 586 δ’
2275 518 2357 587 αὗ

337 639 547 712 πῆχυς
602 629 714 692 διὰ
768 636 964 692 τοῦτο
1022 628 1145 712 οὐχ
1192 629 1437 709 ὁμοίως
1483 627 1788 694 ἐνακούει
1832 638 1948 713 τῆς
1994 639 2359 714 συμφορῆς,

287 764 311 802 5
342 735 443 799 ὅτι
489 737 562 799 τὸ
610 744 730 799 τοῦ
778 737 1132 819 βραχίονος
1179 737 1441 820 ἄρθρον
1496 735 1571 799 τὸ
1618 736 1784 820 πρὸς
1838 744 1958 800 τοῦ
2005 738 2244 827 πήχεος
2289 735 2361 801 ἐν

338 852 414 927 τῇ
463 841 699 926 ἀρχαίῃ
746 843 945 926 φύσει
990 842 1188 923 μένει.
1278 843 1321 925 ἤ
1375 866 1444 907 τε
1491 837 1574 906 αὖ
1631 841 1772 928 χεὶρ
1819 844 1984 927 ἄκρη
2032 840 2131 908 ἔτι
2175 849 2361 926 τηλο-

338 947 501 1033 τέρω
550 951 822 1013 ἄπεστιν
866 948 905 1031 ἢ
954 949 988 1014 ὁ
1035 958 1245 1034 πῆχυς
1282 949 1410 1013 ἀπὸ
1457 958 1570 1032 τῆς
1608 959 1973 1034 συμφορῆς.
2061 950 2174 1014 διὰ
2210 951 2361 1014 ταύ-

338 1079 452 1131 τας
504 1056 627 1137 μὲν
681 1058 795 1132 τὰς
849 1055 1195 1141 εἰρημένας
1249 1057 1627 1139 προφάσιας
1680 1067 1814 1120 τῶν
1869 1056 2117 1121 ὀστέων
2169 1057 2251 1121 τά
2293 1079 2359 1132 τε

339 1164 424 1246 μὴ
482 1162 1026 1244 συναυξανόμενα
1082 1163 1162 1227 οὐ
1219 1161 1641 1245 συναύξεται,
1698 1164 1778 1226 τά
1831 1187 1900 1228 τε
1956 1161 2361 1240 συναυξάνο-

261 1300 312 1338 10
339 1294 506 1354 μενα
551 1268 963 1347 συναύξεται.
1055 1268 1121 1346 ἐς
1168 1265 1241 1334 δὲ
1289 1271 1365 1335 τὸ
1413 1270 1740 1353 εὔσαρκον
1792 1279 1871 1354 τῇ
1919 1268 2088 1355 χειρὶ
2135 1268 2245 1335 καὶ
2281 1277 2367 1357 τῷ

338 1379 643 1462 βραχίονι
702 1377 738 1459 ἡ
793 1379 1196 1461 ταλαιπωρίη
1254 1387 1370 1459 τῆς
1427 1377 1643 1461 χειρὸς
1695 1376 1862 1459 μέγα
1919 1381 2359 1461 προσωφελεῖ·

339 1484 462 1547 ὅσα
508 1485 633 1567 γὰρ
681 1495 919 1567 χειρῶν
974 1486 1134 1569 ἔργα
1180 1482 1347 1567 ἐστι’,
1408 1485 1488 1548 τὰ
1539 1490 1812 1549 πλεῖστα
1864 1483 2362 1569 προθυμέονται

340 1591 404 1654 οἱ
465 1591 909 1673 γαλιάγκωνες
970 1589 1364 1675 ἐργάζεσθαι
1419 1600 1496 1675 τῇ
1554 1589 1723 1676 χειρὶ
1778 1591 2009 1676 ταύτῃ,
2067 1591 2191 1655 ὅσα
2240 1613 2358 1672 περ

338 1695 448 1761 καὶ
485 1707 563 1782 τῇ
603 1695 785 1782 ἑτέρῃ
825 1698 1178 1779 δύνανται,
1218 1698 1421 1763 οὐδὲν
1460 1697 1887 1782 ἐνδεεστέρως
1921 1706 2038 1780 τῆς
2076 1695 2359 1772 άσινέος·

262 1830 312 1870 15
341 1804 422 1867 οὐ
471 1806 597 1889 γὰρ
645 1805 749 1869 δεῖ
793 1803 1096 1888 ὀχεῖσθαι
1142 1807 1215 1869 τὸ
1267 1816 1453 1886 σῶμα
1491 1803 1597 1869 ἐπὶ
1644 1816 1778 1868 τῶν
1814 1815 2084 1888 χειρῶν,
2132 1805 2222 1880 ὡς
2257 1801 2362 1868 ἐπὶ

297 1902 300 1906 ’
341 1922 477 1976 τῶν
522 1910 836 1993 σκελέων,
883 1911 1050 1977 ἀλλὰ
1094 1920 1320 1995 κοῦφα
1366 1911 1625 1976 αὐτοῖσι
1672 1912 1753 1976 τὰ
1798 1908 1961 1996 ἔργα
2005 1909 2163 1976 ἐστί.
2256 1910 2363 1976 διὰ

341 2013 414 2081 δὲ
469 2020 590 2101 τὴν
649 2028 884 2102 χρῆσιν
945 2020 1023 2083 οὐ
1079 2020 1451 2103 μινύθουσι
1508 2021 1574 2083 αὶ
1631 2019 1864 2104 σάρκες
1921 2019 1988 2082 αἱ
2034 2020 2200 2082 κατὰ
2246 2019 2364 2100 τὴν

235 2141 339 2189 238
362 2134 547 2208 χεῖρα
590 2123 700 2189 καὶ
748 2126 911 2189 κατὰ
956 2128 1075 2191 τὸν
1128 2136 1348 2210 πῆχυν
1402 2136 1575 2190 τοῖσι
1631 2125 2107 2209 γαλιάγκωσιν,
2149 2123 2157 2210 Ι
2202 2124 2364 2189 ἀλλὰ

340 2229 450 2295 καὶ
515 2231 550 2296 ὁ
615 2233 908 2316 βραχίων
971 2257 1035 2297 τι
1096 2237 1621 2318 προσωφελεῖται
1685 2231 1751 2308 ἐς
1823 2232 2181 2317 εὐσαρκίην
2255 2232 2365 2295 διὰ

261 2367 312 2405 20
338 2338 611 2421 ταύτην·
656 2338 845 2402 -ὅταν
904 2335 978 2403 δὲ
1041 2341 1255 2423 ἰσχίον
1315 2335 1588 2415 ε’κπαλὲς
1651 2338 1919 2421 γένηται
1978 2337 2045 2414 ές
2103 2339 2177 2403 τὸ
2239 2341 2363 2402 ἔσω

341 2443 541 2529 μέρος
587 2444 657 2510 ἐκ
705 2455 935 2529 γενεῆς
979 2445 1019 2529 ἢ
1066 2447 1176 2510 καὶ
1223 2444 1319 2510 ἔτι
1366 2449 1579 2531 νηπίῳ
1627 2444 1835 2527 ἐόντι,
1880 2445 2251 2527 μινύθουσι
2297 2445 2365 2509 αἱ

342 2553 578 2636 σάρκες
624 2553 735 2616 διὰ
780 2562 977 2617 τοῦτο
1023 2557 1279 2635 μᾶλλον
1316 2552 1354 2635 ἢ
1403 2561 1517 2634 τῆς
1563 2554 1813 2636 χειρός,
1861 2552 1962 2615 ὅτι
2001 2553 2082 2616 οὐ
2119 2551 2363 2617 δύναν-

342 2683 447 2724 ται
494 2665 783 2744 χρῆσθαι
828 2667 919 2747 τῷ
959 2658 1189 2724 σκέλει.
1280 2660 1649 2744 μαρτύριον
1705 2657 1783 2722 δέ
1833 2681 1897 2721 τι
1953 2657 2210 2724 ἐνέσται
2256 2659 2365 2723 καὶ

482 2893 512 2939 2
551 2888 614 2941 δε
650 2907 725 2940 τω
762 2888 961 2954 ἀρθρῶ
1001 2886 1063 2953 Β,
1101 2906 1144 2939 τ.
1177 2887 1229 2939 ἀ.
1267 2887 1426 2939 uncis
1463 2886 1666 2940 inclusi
1762 2893 1793 2939 3
1834 2885 1955 2940 ἐστο
1985 2886 2029 2938 Β
2118 2891 2152 2938 4
2189 2887 2359 2955 ξυμφ.

341 2956 461 3008 MV
604 2964 634 3012 5
681 2957 898 3029 πήχεως
933 2957 986 3010 V
1130 2964 1161 3010 6
1209 2958 1350 3026 άκρη
1390 2976 1494 3011 om.
1536 2957 1655 3011 MV
1799 2963 1829 3010 7
1879 2957 2047 3026 &12qu
2089 2958 2248 3011 codd..

414 3023 516 3081 οὖν
551 3046 651 3097 pro
690 3028 789 3098 μὲν
827 3028 947 3080 MV
1090 3035 1120 3081 9
1159 3029 1384 3094 ξυναυξ.
1423 3028 1546 3092 BV
1586 3027 1884 3097 συναυξόμ.
1924 3027 1985 3080 Μ
2094 3028 2358 3093 ξυναύξε-

341 3118 436 3151 ται
470 3049 728 3167 Πίῑτοᾳιιέ
743 3099 866 3154 loco
904 3100 1024 3153 MV
1202 3105 1350 3153 9.10
1396 3099 1458 3153 τό
1503 3120 1562 3154 τε
1608 3099 2023 3168 ξυναυξόμενον
2062 3099 2147 3167 Μ,
2193 3097 2257 3153 τό
2305 3117 2365 3153 τε

345 3169 831 3257 ξυναυξανόμενον
859 3170 911 3222 V
1034 3176 1099 3224 10
1135 3171 1466 3236 ξυναύξεται
1494 3171 1612 3224 MV
1737 3177 1799 3223 11
1838 3169 2210 3238 προσωφελέει
2238 3169 2363 3235 BV,

348 3238 492 3306 -ήσει
527 3240 586 3292 Μ
732 3247 795 3293 13
836 3259 1050 3311 συνεργ.
1088 3242 1133 3293 Β
1242 3261 1346 3309 περ
1403 3258 1507 3295 om.
1557 3242 1677 3294 MV
1822 3248 1886 3295 15
1942 3239 2081 3313 ὀχέε.
2131 3242 2288 3296 codd.

349 3315 414 3363 16
453 3310 697 3364 αὐτέοισι
733 3311 804 3377 Β,
844 3311 988 3380 -έησι
1024 3312 1175 3378 Litt„
1215 3321 1332 3382 -ῇσι
1360 3313 1507 3365 Erm.
1583 3313 1696 3367 ἐστὶ
1723 3312 1775 3365 V
1921 3318 1985 3366 17
2024 3314 2365 3382 μινύθουσιν

345 3378 466 3431 MV
592 3385 658 3431 18
695 3382 837 3434 κατὰ
866 3400 971 3435 om.
1001 3383 1046 3434 B
1166 3389 1230 3436 19
1269 3383 1713 3452 προσωφελέεται
1741 3383 1899 3437 codd.
2023 3390 2105 3437 19.
2137 3389 2204 3436 20
2240 3388 2365 3438 δια-

346 3457 521 3501 ταῦτα
557 3449 680 3502 MV
822 3457 888 3503 20
937 3452 1062 3506 εἴσω
1100 3453 1219 3506 MV
1365 3461 1428 3508 21
1469 3455 1805 3524 μινύθουσιν
1843 3453 1963 3507 MV
2108 3461 2174 3508 23
2217 3454 2362 3525 χρέε.

348 3517 467 3569 MV
607 3522 735 3588 post
780 3541 936 3589 μαρτ.
977 3524 1102 3577 add.
1143 3523 1203 3577 ἓν
1241 3525 1467 3593 MVPq.
1580 3525 1794 3581 ἐνέσται
1830 3526 1874 3578 Β
