2588 3876
902 156 1076 207 ΠΕΡΙ
1110 154 1366 206 Arum<
1403 158 1437 206 8
2093 150 2179 214 59

155 335 276 394 σας
320 318 446 401 τὴν
501 326 687 402 χεῖρα
733 316 806 381 ἐν
858 316 1071 405 τούτῳ
1125 323 1217 404 τῷ
1270 319 1548 401 σχήματι
1596 315 1916 400 διατείνῃ,
1972 313 2007 378 ὁ
2054 322 2181 397 μῦς

152 433 272 488 τοῦ
339 426 698 509 βραχίονος
758 421 1274 507 κατατεταμένος
1338 422 1826 507 ἐπιδεθήσεται·
1889 420 2057 504 ἐπὴν
2111 418 2171 483 δ’

157 528 496 606 ἐπιδεθεὶς
541 531 892 615 συγκάμψῃ
939 530 1059 595 τὸν
1095 529 1381 614 ἀγκῶνα,
1427 530 1462 596 ὁ
1508 539 1636 613 μῦς
1669 538 1790 594 τοῦ
1826 529 2180 613 βραχίονος

148 638 320 702 ἄλλο
380 646 596 721 σχῆμα
652 640 892 721 σχήσει.
983 637 1361 721 δικαιοτάτη
1419 632 1545 702 οὖν
1588 639 1940 721 βραχίονος
1989 634 2180 698 κατά-

154 760 345 819 τασις
378 742 525 825 ἥδε·
572 739 776 819 ξύλον
809 752 1139 826 πηχυαῖον
1165 741 1205 824 ἢ
1244 741 1447 830 ὀλίγῳ
1485 744 1916 827 βραχύτερον,
1959 741 2178 806 ὁποῖοι
2234 768 2257 808 5

155 850 223 913 οῑ
265 852 590 914 στειλαιοί
622 850 750 914 εἰσι
786 860 921 914 τῶν
955 851 1277 933 σκαφίων,
1315 849 1634 932 κρεμάσαι
1671 850 1793 933 χρὴ
1830 845 2033 912 ἔνθεν
2068 844 2179 911 καὶ

155 952 364 1020 ἔνθεν
431 965 614 1041 σειρῇ
687 957 1002 1040 δήσαντα·
1074 959 1447 1021 καθίσαντα
1507 952 1581 1020 δὲ
1639 956 1757 1019 τὸν
1815 955 2181 1038 ἄνθρωπον

158 1059 266 1126 ἐπὶ
310 1061 575 1145 ὑψηλοῦ
631 1085 813 1139 τινος
865 1064 988 1146 τὴν
1032 1072 1217 1148 χεῖρα
1267 1062 1732 1147 ὑπερκεῖσθαι,
1788 1062 1876 1137 ὡς
1923 1060 2053 1124 ὑπὸ
2100 1069 2177 1144 τῇ

154 1168 455 1253 μασχάλῃ
510 1167 778 1252 γένηται
834 1169 870 1234 ὁ
936 1170 1259 1245 στειλαιὸς
1314 1172 1482 1252 ἔχων
1536 1167 1948 1254 συμμέτρως,
2014 1168 2178 1231 ὥστε

153 1277 348 1358 μόλις
394 1276 735 1341 δύνασθαι
784 1279 1244 1341 καθίννυσθαι
1290 1277 1409 1341 τὸν
1454 1277 1839 1361 ἄνθρωπον,
1896 1283 2177 1358 σμικροῦ
2208 1302 2259 1341 10

155 1380 397 1446 δέοντα
441 1381 771 1467 μετέωρον
818 1378 1015 1448 εἶναι·
1082 1381 1305 1448 ἔπειτα
1339 1382 1549 1448 θέντα
1594 1405 1657 1446 τι
1694 1383 1854 1446 ἄλλο
1893 1381 2179 1465 ἔφεδρον

151 1485 267 1552 καὶ
321 1486 666 1553 ὑποθέντα
719 1490 1035 1554 σκύτινον
1087 1489 1586 1573 ὑποκεφάλαιον
1637 1487 1677 1571 ἢ
1731 1490 1805 1553 ἓν
1858 1487 1899 1570 ἢ
1953 1490 2177 1569 πλείω,

155 1594 339 1670 ὅπως
397 1593 784 1679 συμμέτρως
850 1599 1075 1680 σχήσει
1133 1594 1339 1672 ὕψεος
1406 1603 1527 1659 τοῦ
1591 1598 1829 1679 πήχεος
1891 1597 2177 1676 πλαγίου

150 1702 322 1785 πρὸς
381 1699 602 1786 ὀρθὴν
662 1703 934 1785 γωνίην,
994 1701 1264 1785 ἄριστον
1324 1696 1447 1784 μὲν
1505 1702 1743 1776 σκύτος
1800 1703 2013 1765 πλατὺ
2068 1698 2176 1764 καὶ

150 1808 507 1891 μαλθακὸν
550 1807 590 1890 ἢ
635 1810 899 1890 ταινίην
947 1806 1237 1890 πλατέην
1280 1806 1743 1891 ἀμφιβαλόντα
1796 1817 1930 1870 τῶν
1982 1806 2179 1889 μεγά-
2208 1832 2256 1872 15

154 1917 291 1979 λων
336 1936 400 1978 τι
446 1920 765 1998 σταθμῶν
811 1911 1177 1998 ἐξαρτῆσαι,
1224 1914 1259 1980 ὅ
1307 1936 1370 1979 τι
1412 1916 1689 1999 μετρίως
1723 1910 1850 1991 ἔξει
1886 1915 2180 1978 κατατεί-

153 2044 315 2085 νειν.
393 2022 453 2085 εῑ
491 2017 565 2085 δὲ
601 2023 710 2105 μή,
756 2033 892 2085 τῶν
927 2021 1194 2107 ἀνδρῶν
1231 2021 1412 2098 ὅστις
1448 2020 1817 2108 ἐρρωμένος
1854 2019 1929 2086 ἐν
1963 2021 2176 2110 τούτῳ

154 2136 241 2213 τῷ
290 2130 586 2211 σχήματι·
617 2137 738 2192 τοῦ
776 2130 1018 2212 πήχεος
1052 2127 1278 2204 ἐόντος
1316 2130 1494 2214 παρὰ
1528 2129 1648 2193 τὸν
1684 2127 1952 2211 ἀγκῶνα
1985 2151 2179 2192 κατα-

154 2232 524 2317 ναγκαζέτω
575 2234 582 2317 Ι
634 2232 699 2310 ἐς
743 2235 818 2298 τὸ
863 2235 1056 2299 κάτω.
1140 2235 1176 2300 ὁ
1224 2235 1300 2299 δὲ
1347 2235 1568 2319 ἰητρὸς
1612 2233 1820 2320 ὀρθὸς
1864 2235 1987 2318 μὲν
2032 2233 2163 2300 ἐὼν
2179 2251 2284 2299 446

156 2340 502 2425 χειριζέτω,
540 2341 659 2405 τὸν
694 2339 924 2425 ἕτερον
960 2342 1135 2406 πόδα
1171 2339 1277 2406 ἐπὶ
1315 2339 1731 2426 ὑψηλοτέρου
1769 2341 1950 2416 τινὸς
1988 2343 2176 2424 ἔχων,
2206 2367 2257 2405 20

306 2573 332 2619 1
362 2565 567 2622 τουτέω
605 2567 745 2634 ΒΜ,
786 2589 887 2622 -τω
925 2567 977 2621 V
1119 2573 1150 2621 3
1189 2569 1341 2639 ξυγκ.
1372 2567 1491 2620 MV
1636 2573 1670 2620 4
1708 2564 1883 2638 σχίσει
1918 2565 2038 2619 MV

162 2641 194 2689 ὅ
233 2656 318 2700 οις
343 2657 454 2694 οιοι
473 2641 632 2708 (corr.
656 2638 836 2694 ὁκοιοι
852 2625 946 2709 ΒΕ)
965 2643 1178 2709 στηλεοι
1197 2657 1285 2694 οσι
1306 2642 1461 2708 (corr.
1476 2633 1574 2692 ὦσι
1591 2639 1629 2708 ³)
1649 2639 1694 2691 B
1769 2637 1850 2692 ὅκ.
1873 2639 1975 2691 eet.
2053 2642 2082 2689 7
2105 2636 2178 2690 ad.

161 2717 313 2778 σειρῇ
348 2709 384 2764 i.
412 2727 486 2764 m.
515 2729 579 2764 το
608 2731 798 2781 ιμαντι
832 2710 1142 2764 minoribus
1167 2710 1276 2764 litt.
1308 2710 1354 2762 B
1477 2718 1626 2779 σιρῆι
1663 2709 1722 2761 Μ
1839 2713 2104 2764 δεισαντα
2131 2708 2177 2761 Β

233 2781 360 2846 poet
394 2780 457 2835 δὲ
495 2780 625 2835 add.
663 2802 766 2853 χρη
803 2782 849 2834 Β
959 2787 990 2834 8
1029 2782 1122 2836 ἐπι
1158 2781 1219 2846 Β,
1259 2782 1373 2836 ἀπὸ
1411 2781 1530 2834 MV
1603 2779 1782 2853 (ὥστε
1862 2782 1992 2849 post
2026 2799 2181 2843 τινος

162 2847 287 2902 Wb.
377 2856 426 2904 8.
449 2857 480 2904 9
518 2860 586 2921 τῆ
615 2852 886 2924 μασχάληι
914 2852 988 2905 Β1
1022 2856 1159 2907 mut.
1188 2852 1250 2906 in
1280 2853 1384 2921 τὴν
1413 2849 1699 2923 μασχάλην
1726 2852 1772 2905 Β
1892 2857 1922 2904 9
1963 2851 2181 2919 στιλμὸς

144 2953 257 3020 ’Βῑ,
289 2959 420 3011 mut.
450 2958 512 3011 in
550 2959 757 3021 στιλεὸς
783 2958 872 3026 3⁸,
910 2941 1147 3023 ovsazss‘bg
1181 2960 1241 3012 Μ
1377 2964 1442 3012 10
1482 2958 1721 3013 δύναται
1756 2957 1879 3011 MV
1948 2955 2176 3013 καθίνν.

163 3024 355 3094 BMV,
381 3032 789 3085 καθικνεῖσθαι
816 3029 964 3099 vulg.
1043 3036 1104 3083 11
1137 3030 1199 3086 δὲ
1229 3029 1365 3084 ὄντα
1393 3029 1515 3083 MV
1602 3036 1668 3083 12
1695 3027 1986 3084 ὑποθέντα
2005 3031 2083 3098 (-ς
2100 3029 2178 3098 Μ)

163 3096 256 3162 B¹‚
291 3100 421 3151 mut.
450 3098 512 3152 in
548 3100 870 3156 ἐπιτιθέντα
907 3101 981 3153 B⁸
1069 3100 1141 3170 μὴ
1179 3119 1278 3170 pro
1317 3099 1351 3170 ἢ
1388 3100 1479 3167 B¹‚
1518 3117 1652 3154 corr.
1682 3101 1757 3154 13³
1846 3101 1943 3169 ἐνῆ
1979 3117 2079 3170 pro
2119 3100 2179 3155 ἓν

166 3163 202 3233 ἢ
242 3166 294 3219 V
430 3174 496 3223 13
537 3168 616 3226 ὅκ.
646 3171 766 3226 MV
863 3173 1022 3241 ξυμμ.
1053 3172 1211 3226 codd.
1315 3189 1346 3225 σ
1382 3179 1474 3241 ῆσι
1509 3171 1585 3239 Μ,
1623 3180 1819 3244 σχῆσιν
1857 3171 1909 3225 V
2004 3170 2181 3241 ὕψεος

166 3236 229 3301 Β,
270 3235 435 3307 ὕψιος
469 3241 542 3308 Μ,
580 3241 765 3312 ὕψηος
799 3242 852 3296 V
953 3245 1083 3313 post
1115 3251 1215 3297 τοῦ
1254 3245 1328 3297 ad
1372 3285 1383 3296 .
1422 3242 1485 3298 δὲ
1521 3243 1566 3295 Β
1664 3242 1883 3315 πήχεως
1918 3242 2037 3295 MV

168 3312 238 3360 14
277 3327 387 3375 γον.
415 3310 461 3363 Β
583 3319 649 3367 15
685 3311 875 3383 τενίην
911 3314 1028 3367 ΒΜ
1097 3313 1342 3385 πλατέην
1380 3314 1556 3380 codd„
1596 3313 1673 3368 -εί
1712 3335 1745 3369 ν
1782 3313 1930 3383 vulg.
2004 3313 2179 3381 ἀμφι-

166 3376 321 3450 βάλλ.
358 3381 538 3449 codd„
584 3383 855 3454 -βαλόντα
891 3385 1036 3440 Erm.
1184 3391 1250 3440 16
1300 3382 1588 3453 σταθμίων
1626 3385 1710 3437 Μ.
1750 3428 1764 3452 ,
1812 3387 2078 3451 σταθμων
2113 3382 2177 3447 Β,

169 3458 193 3502 i:
228 3449 393 3502 inser.
420 3451 493 3503 Β3
588 3455 697 3527 ἔχει
733 3455 786 3509 V
930 3460 997 3510 18
1043 3455 1261 3528 πήχεως
1296 3459 1361 3510 ut
1398 3454 1580 3508 solent
1615 3456 1754 3509 MV.
1834 3452 2024 3514 ἐόντος
2069 3467 2173 3503 om·

169 3519 355 3584 GOddu
394 3520 547 3585 ὄντος
578 3544 720 3579 unus
757 3526 811 3578 H
957 3533 1021 3580 19
1062 3527 1252 3596 ὀρθως
1286 3528 1351 3594 Β,
1389 3526 1566 3594 ὀρθὸς
1601 3525 1721 3579 MV
