2588 3876
345 164 473 227 172
847 163 1023 217 ΠΕΡΙ
1057 166 1349 218 ΑΡΘΡΩΝ
1385 166 1744 217 ΕΜΒΟΛΗΣ
1781 168 1848 217 45

343 326 666 390 δύνανται
731 325 927 402 αὐτός
981 349 1053 390 τε
1107 326 1142 391 ὁ
1209 335 1520 403 νωτιαῖος
1574 317 1753 390 οἷσιν
1810 324 2166 411 ἐλύτρωται
2218 323 2362 390 ἐλύ-

342 448 602 517 τροισιν
654 432 765 495 καὶ
819 431 986 497 ὅθεν
1040 429 1485 517 ὡρμημένοισι
1538 432 1648 496 καὶ
1694 431 1821 517 ὅπῃ
1867 433 2215 518 κραίνουσι
2254 432 2363 496 καὶ

346 529 480 601 οἷσι
543 535 979 602 κοινωνέουσι
1042 537 1153 602 καὶ
1226 529 1336 602 οἷα
1400 535 1894 622 δυναμένοισιν.
2005 536 2079 602 ἐν
2141 534 2213 601 δὲ
2268 545 2360 623 τῷ

346 640 664 726 ἐπέκεινα,
722 642 796 709 ἐν
841 644 1158 729 ἄρθροισι
1203 645 1774 728 γεγιγγλύμωνται
1827 644 1993 729 πρὸς
2050 643 2362 727 ἀλλήλους

291 773 314 812 5
344 750 409 814 οῑ
456 750 850 833 σφόνδυλοι.
940 751 1125 815 τόνοι
1186 745 1260 814 δὲ
1319 747 1538 814 κοινοὶ
1598 751 1776 835 παρὰ
1833 749 2084 825 πάντας
2136 749 2243 813 καὶ
2292 747 2361 812 ἐν

344 867 562 921 τοῖσιν
616 853 738 933 ἔξω
792 853 1060 942 μέρεσιν
1113 853 1224 920 καὶ
1280 854 1356 920 έν
1408 864 1628 920 τοῖσιν
1680 853 1810 920 ἔσω
1864 853 2358 941 παρατέτανται*

345 962 676 1046 ἀπόφυσις
729 960 808 1027 δέ
856 960 1042 1027 ἐστιν
1096 959 1331 1026 ὀστέου
1388 961 1455 1039 ἐς
1509 962 1582 1026 τὸ
1631 959 1750 1039 ἔξω
1798 959 1996 1047 μέρος
2040 961 2168 1026 ἀπὸ
2212 962 2359 1026 πάν-

343 1092 478 1132 των
536 1080 670 1133 τῶν
729 1068 1136 1152 σφονδύλων
1192 1070 1313 1149 μία
1371 1067 1500 1132 ἀπὸ
1557 1066 1704 1144 ἑνὸς
1750 1066 2060 1152 ἑκάστου,
2121 1067 2246 1132 ἀπό
2301 1089 2360 1131 τε

343 1185 480 1239 τῶν
536 1176 829 1257 μεζόνων
887 1173 1017 1238 ἀπό
1076 1195 1147 1238 τε
1206 1184 1343 1238 τῶν
1401 1170 1800 1238 ἐλασσόνων.
1894 1172 2000 1238 ἐπὶ
2056 1170 2130 1238 δὲ
2185 1182 2361 1258 τῇσιν

241 1293 341 1341 192
364 1280 782 1364 ἀποφύσεσιν
809 1279 1084 1365 ταύτῃσι
1111 1280 1446 1365 χονδρίων
1475 1278 1837 1362 ἐπιφύσιες,
1873 1279 1985 1343 καὶ
2017 1276 2024 1365 Ι
2058 1279 2186 1344 ἀπὸ
2215 1278 2360 1344 ἐκεί-

266 1410 315 1448 11
344 1411 487 1451 νων
521 1386 784 1471 νεύρων
821 1384 1311 1468 ἀποβλάστησις
1344 1383 1797 1469 ἠδελφισμένη
1834 1395 2054 1450 τοῖσιν
2081 1384 2358 1463 ἐξωτάτω

343 1494 613 1557 τόνοισι.
702 1488 982 1576 πλευραὶ
1029 1491 1104 1556 δὲ
1147 1492 1700 1577 προσπεφύκασιν
1755 1490 1821 1567 ἐς
1873 1490 1949 1555 τὸ
2007 1493 2135 1556 ἔσω
2179 1489 2363 1577 μέρος

345 1599 461 1674 τὰς
504 1598 794 1682 κεφαλὰς
839 1595 1160 1682 ῥέπουσαι
1203 1602 1459 1679 μᾶλλον
1515 1596 1554 1679 ἢ
1600 1595 1669 1673 ἐς
1723 1597 1798 1661 τὸ
1846 1595 1966 1675 ἔξω
1984 1616 2000 1633 ·
2060 1595 2211 1662 καθ’
2257 1596 2363 1662 ἕνα

345 1704 422 1768 δὲ
458 1702 736 1768 ἕκαστον
763 1713 897 1768 τῶν
945 1702 1353 1787 σφονδύλων
1397 1707 1986 1789 προσήρθρωνται·
2031 1703 2361 1786 καμπυλω-

266 1833 316 1873 15
346 1834 533 1875 ταται
563 1806 637 1874 δὲ
665 1807 945 1895 πλευραὶ
975 1809 1343 1894 ἀνθρώπου
1375 1810 1524 1893 εἰσί,
1562 1807 1943 1895 ραιβοειδέα
1978 1812 2242 1895 τρόπον.
2292 1806 2360 1874 τὸ

346 1913 420 1982 δὲ
448 1919 699 2000 μεσηγὺ
736 1926 871 1981 τῶν
897 1913 1240 2003 πλευρέων
1266 1913 1377 1981 καὶ
1414 1927 1548 1982 τῶν
1573 1913 1820 1982 ὀστέων
1857 1926 1992 1981 τῶν
2039 1916 2362 2000 ἀποπεφυ-

344 2025 562 2088 κότων
597 2021 725 2087 ἀπὸ
755 2033 890 2087 τῶν
919 2023 1326 2107 σφονδύλων
1354 2021 1892 2109 άποπληρέουσιν
1921 2021 2323 2109 ἑκατέρωθεν
2351 2018 2357 2107 Ι

490 2290 517 2336 1
555 2303 614 2338 τε
652 2283 905 2351 ΒΜἾΓ,
943 2284 1006 2340 δὲ
1042 2284 1191 2354 vulg.
1313 2282 1527 2355 οῖσι(ν’)
1564 2285 1625 2338 Μ
1770 2291 1817 2339 1.
1857 2291 1889 2338 2
1929 2285 2202 2353 ἐλύτροισι
2236 2283 2360 2347 MV,

344 2357 420 2409 ad
448 2356 521 2410 ἐλ.
559 2355 597 2408 i.
626 2374 696 2408 m.
740 2354 1087 2424 σκεπάσμασι
1113 2356 1190 2409 Β4
1298 2362 1329 2409 2
1367 2353 1672 2423 κρίνουσιν.
1714 2360 1769 2410 Γ
1871 2362 1903 2410 3
1940 2353 1999 2411 οἳ
2035 2356 2091 2411 οἱ
2126 2373 2228 2424 pro
2262 2352 2362 2409 οἶσι

344 2431 398 2480 Γ
498 2425 803 2495 δυνάμενοι
840 2426 1001 2496 εἰσιζν
1038 2428 1111 2496 Γ)
1146 2426 1305 2492 Bw,
1344 2424 1705 2496 δυναμένοισι
1741 2426 1816 2480 Βι
1959 2434 1995 2481 4
2034 2427 2271 2496 ἄρθροις
2303 2425 2359 2491 Β,

344 2515 516 2552 -οισιν
545 2501 600 2549 Γ
711 2497 1144 2579 τεγγιγλύμωντε
1180 2497 1253 2564 Β,
1309 2497 1745 2567 γεγιγλύμωνται
1781 2496 1903 2551 MV
2020 2500 2363 2567 γυγγλιμωει-

343 2574 454 2631 δῶς
491 2571 823 2638 συγκεῖσθαι
860 2585 896 2620 1.
934 2586 1008 2621 m.
1047 2568 1122 2620 B⁴
1266 2572 1298 2620 5
1338 2585 1431 2637 σφ.
1469 2568 1535 2621 ut
1572 2568 1716 2622 solet
1751 2568 1842 2636 B¹‚
1878 2571 2017 2622 mut.
2055 2567 2131 2621 Β8
2167 2568 2228 2621 in
2264 2584 2360 2633 σπ.,

343 2658 432 2693 σπ.
470 2640 522 2694 V
557 2640 623 2692 ut
661 2638 803 2693 solet
948 2645 980 2692 6
1017 2637 1202 2707 μέρεσι
1238 2637 1360 2691 MV
1446 2638 1572 2692 εἴσω
1610 2638 1731 2693 MV
1822 2638 1923 2704 ἔξω
1957 2682 1967 2692 .
2004 2648 2221 2694 ,τοῖσιν
2265 2656 2359 2692 om.

344 2749 396 2798 Γ
514 2730 895 2812 παρατεταῗέαι
932 2747 987 2797 Γ
1124 2749 1154 2797 ’7
1201 2741 1257 2798 τ’
1296 2762 1398 2812 pro
1437 2744 1499 2799 δὲ
1536 2743 1673 2811 MV,
1709 2762 1768 2798 τε
1808 2748 1862 2797 Γ
1954 2746 2036 2807 εἰς
2069 2764 2129 2799 τε
2155 2745 2221 2799 τὸ
2259 2747 2309 2797 Γ

342 2818 455 2869 ἀπο
491 2834 549 2869 π.
579 2816 668 2881 B¹,
707 2817 844 2869 mut.
883 2814 946 2868 in
983 2813 1186 2869 ἁπάντ.
1216 2815 1292 2868 Β3
1363 2835 1415 2883 μ.
1456 2815 1725 2870 ἁπάντων
1755 2831 1848 2883 σφ.
1879 2818 1933 2868 Γ
2037 2820 2071 2868 8
2109 2812 2219 2885 ἀφ’
2250 2814 2363 2874 ἑνὸς

343 2890 396 2939 Γ
461 2886 561 2955 μὲν
596 2903 699 2955 pro
735 2885 922 2955 priore
961 2905 1020 2940 τε
1055 2886 1176 2940 MV
1284 2891 1316 2939 9
1356 2889 1487 2955 μειζ.
1526 2885 1601 2952 Β,
1637 2883 1812 2955 μέζων
1840 2885 1961 2940 MV
2033 2885 2097 2941 δὲ
2134 2903 2236 2956 pro
2274 2885 2361 2940 alt.

341 2976 399 3010 τε
435 2956 487 3009 V
604 2955 848 3012 ἐλάσσων
885 2956 1021 3023 MV,
1059 2977 1142 3026 γρ.
1183 2955 1297 3011 ἀπό
1334 2976 1392 3010 τε
1426 2965 1539 3011 τῶν
1575 2954 1843 3079 ῗῖιζόνων
1882 2957 1997 3011 ἀπό
2035 2976 2095 3011 τε
2129 2976 2178 3011 τ.
2218 2957 2362 3011 ἐλασ-

343 3026 523 3080 σόνων
570 3027 641 3080 ab
688 3029 810 3081 ead.
849 3045 921 3080 m.
960 3027 998 3079 i.
1027 3045 1102 3080 m.
1141 3027 1201 3080 M
1309 3026 1537 3097 τῆσι(ν’)
1781 3033 1847 3080 10
1902 3028 2221 3097 ἀποφύσεσι
2255 3024 2364 3080 MV

340 3097 608 3164 ταύτῃσιν
644 3102 698 3151 Γ
764 3095 868 3152 ἀπ’
909 3097 969 3150 Μ
1115 3103 1177 3151 11
1227 3096 1666 3169 ἀποβλαστήσιες
1709 3101 1764 3151 Γ
1865 3099 1939 3152 ad
1983 3099 2178 3168 ἠδελφ.
2224 3098 2260 3151 i.
2296 3114 2360 3150 m.

343 3165 640 3236 ὁμοιομένη
677 3168 751 3221 B'
866 3168 1113 3238 votot(v²)
1160 3169 1220 3221 M
1375 3175 1440 3221 12
1486 3187 1616 3235 περι
1658 3171 1913 3236 πλευρων
1948 3169 2037 3223 tit„
2087 3174 2142 3222 Γ
2239 3187 2360 3236 πεφ.

344 3241 396 3289 Γ
482 3236 608 3289 εἴσω
644 3238 765 3291 MV
910 3244 977 3291 14
1015 3236 1074 3294 δ’
1113 3239 1234 3294 MV
1332 3241 1462 3307 post
1498 3257 1590 3307 σφ.
1631 3240 1758 3292 add.
1796 3258 1891 3292 ται
1936 3240 2037 3306 ΒῙ,
2077 3240 2183 3294 del.
2229 3238 2301 3291 B³

346 3313 429 3360 14.
462 3311 529 3358 15
568 3323 687 3374 sup.
736 3312 974 3377 καμπυλ.
1024 3327 1092 3362 se.
1142 3310 1540 3378 καμπτώταται
1584 3309 1659 3362 B²
1805 3315 1871 3363 15
1929 3307 2142 3382 ῤἀιμβ.,
2191 3308 2283 3362 sed

347 3392 568 3429 erasum
604 3375 686 3441 M,
727 3373 934 3448 ῥαιμβ.,·
970 3399 1052 3448 γρ.
1093 3381 1190 3434 καὶ
1229 3380 1425 3449 ρυκοᾷ.
1467 3396 1512 3433 e.
1544 3377 1746 3449 ᾆοικο-,
1784 3381 1938 3448 quod
1972 3381 2221 3450 praefert
2343 3418 2352 3428 ·

353 3450 690 3567 00m131÷537
726 3448 1108 3569 ῗξΒξΒῶειδέα
1146 3449 1218 3503 ab
1256 3450 1379 3503 ead..
1418 3468 1490 3502 m.
1530 3449 1567 3503 i.
1607 3468 1680 3503 m.
1719 3451 1804 3517 M,
1854 3448 2005 3522 ᾇεμβ.
2044 3451 2112 3517 V,
2150 3448 2281 3521 ῥοιβ.
2316 3450 2361 3501 Γ

599 3532 688 3569 σπ.
