2588 3876
1010 656 1211 724 KAT'
1263 656 1705 724 IHTPEION.

136 812 229 879 ΠΙ,
251 814 354 862 272
371 809 430 862 L.
493 804 547 867 1.
581 800 678 867 ”H
710 801 905 884 ὅμοια
940 800 981 886 ἢ
1011 790 1314 885 ἄνόμοια,
1350 799 1416 880 ἐξ
1456 800 1658 887 ἀρχῆς
1694 799 1822 866 ἀπὸ
1852 812 1987 867 τῶν
2027 802 2382 884 μεγίστων,

350 909 478 974 ἀπὸ
532 919 668 974 τῶν
722 908 1030 995 ῥηΐστων,
1089 906 1217 973 ἀπὸ
1273 919 1412 974 τῶν
1462 909 1675 991 πάντη
1727 909 1992 985 πάντως
2051 923 2380 991 γινωσκο-

348 1014 587 1099 μένων,
642 1014 684 1080 ἃ
735 1013 848 1080 καὶ
908 1016 1079 1080 ἰδεῖν
1131 1013 1241 1079 καὶ
1296 1021 1527 1098 θιγεῖν
1577 1012 1691 1079 καὶ
1745 1014 2025 1080 ἀκοῦσαι
2076 1017 2280 1097 ἔστιν,
2334 1012 2380 1077 ἃ

296 1148 320 1188 5
349 1122 458 1189 καὶ
503 1132 582 1209 τῇ
630 1124 779 1200 ὄψει
823 1120 936 1187 καὶ
979 1130 1057 1207 τῇ
1119 1121 1257 1206 ἁφῇ
1303 1119 1415 1186 καὶ
1459 1130 1538 1208 τῇ
1586 1120 1748 1208 ἀκοῇ
1799 1119 1911 1186 καὶ
1953 1130 2033 1207 τῇ
2079 1118 2219 1207 ῥινὶ
2263 1117 2381 1184 καὶ

349 1240 427 1316 τῇ
472 1231 738 1315 γλώσσῃ
783 1227 894 1294 καὶ
939 1238 1018 1314 τῇ
1064 1229 1294 1318 γνώμῃ
1342 1231 1527 1295 ἔστιν
1573 1226 1965 1312 αἰσθέσθαι,
2021 1229 2083 1311 ἅ,
2130 1218 2232 1304 οἷς
2277 1250 2381 1310 γι-

349 1338 692 1420 νώσκομεν
736 1336 1004 1418 ἅπασιν,
1051 1338 1233 1400 ἔστιν
1276 1346 1548 1419 γνῶναι.

483 1443 543 1507 2.
597 1442 691 1507 Τὰ
729 1438 803 1506 δὲ
839 1441 907 1519 ές
942 1430 1545 1528 χειρουργίηνκατ’
1583 1443 1898 1528 ἰητρεῖον·
1935 1441 1971 1507 ὁ
2010 1437 2378 1523 ἀσθενέων,

351 1550 387 1616 ὁ
436 1550 637 1635 δρῶν,
685 1550 750 1614 οὶ
794 1547 1134 1635 ὑπηρέται,
1179 1549 1262 1613 τὰ
1307 1550 1580 1635 ὄργανα,
1625 1549 1700 1613 τὸ
1743 1558 1905 1632 φῶς,
1953 1546 2136 1631 ὅκου,
2184 1545 2379 1629 ὅκως,

272 1682 322 1721 10
351 1655 506 1740 ὅσα,
552 1647 678 1733 οἷς·
733 1655 851 1739 ὡς,
899 1656 1061 1720 ὅκου
1112 1657 1187 1720 τό
1232 1678 1303 1720 τε
1349 1665 1534 1737 σῶμα
1577 1655 1658 1719 τά
1701 1677 1772 1719 τε
1816 1657 2090 1737 ἄρμενα·
2137 1653 2192 1719 ὁ.
2219 1655 2379 1738 χρό-

347 1787 484 1847 νος,
530 1761 566 1828 ὁ
611 1763 879 1849 τρόπος,
926 1761 961 1827 ὁ
1007 1763 1224 1838 τόπος.
1280 1760 1289 1845 Ι

244 1887 347 1936 278
483 1868 542 1934 3.
580 1867 650 1932 Ὁ
693 1869 874 1954 δρῶν
910 1867 951 1952 ’ἢ
988 1870 1367 1953 καθήμενος
1403 1867 1445 1952 ἢ
1482 1865 1737 1953 ἑστεώς,
1783 1865 2165 1952 συμμέτρως
2208 1866 2379 1953 πρὸς

353 1974 625 2060 ἑωυτόν,
674 1975 842 2060 πρὸς
886 1976 960 2040 τὸ
1008 1975 1478 2060 χειριζόμενον,
1524 1976 1691 2062 πρὸς
1733 1975 1857 2058 τὴν
1901 1974 2132 2059 αὐγήν.

482 2081 716 2165 Αὐγῆς
771 2077 895 2163 μὲν
950 2077 1076 2147 οὖν
1131 2081 1256 2146 δύο
1315 2082 1521 2166 εἴδεα,
1575 2082 1652 2146 τὸ
1697 2078 1822 2167 μὲν
1868 2082 2123 2165 κοινόν,
2177 2081 2253 2145 τὸ
2301 2080 2380 2145 δὲ

271 2215 322 2257 15
349 2190 683 2273 τεχνητόν.
772 2188 846 2252 τὸ
907 2183 1031 2272 μὲν
1090 2183 1216 2254 οὖν
1272 2189 1509 2254 κοινὸν
1567 2188 1692 2253 οὐκ
1750 2185 1854 2272 ἐφ’
1911 2188 2099 2272 ἡμῖν,
2163 2187 2239 2251 τὸ
2299 2186 2379 2251 δὲ

495 2369 523 2417 1
574 2360 790 2433 ἰητρίον
826 2362 877 2416 V
1021 2368 1068 2417 2.
1100 2369 1132 2416 3
1179 2382 1294 2433 μεγ.
1334 2363 1433 2418 καὶ
1477 2359 1649 2432 όηίστ.
1699 2361 1820 2417 Gal.
1857 2362 1918 2415 in
1965 2362 2057 2416 cit.
2097 2361 2182 2415 De
2225 2361 2372 2429 plac.

350 2435 520 2505 Hipp.
561 2438 619 2489 et
653 2432 795 2488 Plat.
835 2453 888 2503 p.
924 2438 1024 2487 733
1060 2433 1153 2487 Iw.
1183 2433 1389 2488 Mt'iller
1532 2438 1564 2486 3
1599 2433 1825 2497 πάντως
1858 2432 2045 2524 πάντη
2083 2431 2204 2487 Gal.
2234 2431 2374 2485 ibid.

352 2505 701 2632 ogthZIVib
786 2511 820 2558 4
858 2506 973 2630 κὶαξ
989 2508 1109 2646 θριγ.
1149 2504 1408 2630 01111.ἀᾶεῆἱὶ
1440 2503 1577 2630 ibi}
1618 2509 1755 2630 λώτὸ
1796 2505 2068 2629 κὲὶΜτῨα.
2107 2524 2157 2644 ἴ(
2196 2504 2372 2643 vffl.

352 2619 675 2718 νωσκόμενα
706 2597 887 2701 'Bhff
977 2619 988 2630 ·
1032 2651 1062 2700 7
1096 2597 1239 2701 ἴτ’ἄσι
1274 2619 1396 2700 MV
1477 2594 1852 2717 γιγῖὠσκόῖίεν
1890 2645 2012 2700 Gal.
2050 2595 2187 2699 igitir.
2228 2644 2372 2714 (cod.

350 2720 410 2773 M
448 2722 506 2774 et.
541 2718 666 2773 edd.
706 2717 1072 2787 antiquiores)
1172 2717 1287 2772 ἐστὶ
1323 2717 1398 2784 Μ,
1438 2717 1591 2772 ἔσται
1626 2718 1678 2772 V
1820 2723 1852 2771 8
1890 2714 1946 2772 δ’
1989 2715 2049 2769 Μ
2120 2735 2378 2788 χειρουρ-

349 2788 507 2860 γείην
543 2790 589 2842 Β
698 2791 720 2845 ἰ
789 2787 912 2859 ρίον
949 2789 1072 2856 BV,
1112 2786 1358 2858 ἰητρείην
1396 2789 1675 2856 quaedam
1711 2788 2050 2859 antigrapha
2089 2789 2145 2840 et
2180 2786 2378 2840 Ascle-

390 2862 574 2928 iades‚
613 2860 681 2914 cf.
771 2860 843 2915 al.
875 2876 1067 2914 comm.
1097 2860 1302 2926 XVIII,
1332 2865 1383 2927 2,
1413 2865 1515 2914 665
1545 2863 1602 2914 et
1631 2865 1734 2914 666
1761 2860 1930 2913 Kfihn
2039 2863 2106 2911 10
2147 2855 2274 2912 ὅσαι
2308 2857 2376 2926 Β,

385 2929 526 2986 κόσα
562 2931 614 2985 V
685 2927 831 2987 οἷσιν
867 2931 919 2985 V
991 2948 1151 2995 εισως
1173 2948 1275 3001 pro
1314 2927 1421 2994 οἷς·
1463 2931 1538 2994 ὡς
1572 2930 1662 2996 ΒῙ,
1699 2933 1835 2984 mut.
1866 2930 1927 2983 in
1964 2946 2106 2992 οσως
2124 2931 2191 2999 (ἳ)
2228 2928 2303 2982 B'

353 3000 487 3058 ὅκου
514 3002 605 3069 Βῑ,
641 3006 776 3057 mut.
809 3002 870 3055 in
907 2999 1066 3056 ὁκότε
1093 3001 1167 3054 B²
1240 2998 1326 3065 οἷς
1352 3003 1484 3070 (var.
1515 2998 1646 3072 οἶσι)
1686 2998 1828 3065 ὅκως
1862 2998 2022 3056 ὁκότε
2060 3000 2196 3071 (alia
2224 2999 2378 3053 anti-

351 3074 569 3144 grapha
599 3070 752 3144 ὅκου)
782 3072 903 3127 Gal.
927 3089 1120 3126 comm.
1145 3091 1198 3142 p.
1218 3077 1501 3127 668-673
1572 3093 1631 3128 τε
1654 3116 1664 3127 .
1690 3116 1699 3127 .
1725 3093 1814 3127 ,τε
1844 3089 1949 3126 om.
1970 3072 2028 3125 M
2102 3071 2229 3142 ἅρμ.
2252 3071 2304 3125 V

351 3145 426 3199 ad
462 3144 588 3215 ἅρμ.
620 3144 896 3198 scholion:
945 3142 1216 3215 Βακχεῖός
1251 3144 1532 3213 φησιν”τὰ
1567 3144 1967 3214 ἐναρμόζοντα·
2016 3143 2119 3198 οὐκ
2158 3142 2372 3211 ὀρθῶς·

351 3216 565 3285 ἄρμενα
601 3215 708 3285 γὰρ
747 3212 904 3279 ἰδίως
930 3213 1144 3284 λέγεται
1179 3213 1249 3269 τὰ
1275 3214 1419 3283 πρὸς
1442 3214 1547 3284 τὴν
1576 3215 1831 3284 ἰατρικὴν
1860 3211 2053 3287 χρείαν
2084 3212 2376 3280 ἐπιτήδεια

351 3287 579 3357 ἐργαλῖα
609 3283 732 3342 οἷον
761 3283 965 3356 σμιλία,
1003 3288 1105 3354 ‹pss-s.
1143 3284 1318 3355 οτόμα
1347 3287 1444 3340 καὶ
1469 3284 1541 3341 τὰ
1567 3288 1785 3350 τούτοις
1814 3283 1977 3356 ὅμοια
2004 3284 2080 3337 B²
2106 3284 2167 3337 in
2194 3300 2373 3353 marg.

350 3358 469 3425 inf„
509 3358 577 3412 cf.
607 3357 856 3412 Erotian.
889 3374 944 3425 p.
970 3362 1032 3410 11
1140 3399 1151 3410 .
1264 3362 1329 3409 11
1372 3355 1401 3411 ὁ
1428 3355 1600 3422 τόπος
1636 3357 1666 3412 ὁ
1702 3355 1909 3447 τρόπος
1942 3356 1988 3409 Β
2101 3361 2166 3409 12
2206 3355 2376 3418 ἑστὼς

351 3429 409 3482 Μ
481 3430 640 3499 ξυμμ.
680 3428 740 3481 Μ
892 3434 959 3481 14
1006 3425 1209 3498 αὐγέης
1253 3427 1370 3480 ΒΜ
1525 3433 1590 3482 15
1636 3429 1774 3483 ἄλλα
1817 3428 1882 3483 τὸ
1927 3426 2025 3497 μὲν
2070 3426 2268 3483 κοινὸν
2313 3426 2375 3479 Μ

418 3499 483 3555 τὸ
521 3500 622 3571 μὲν
664 3496 767 3555 οὖν
798 3541 809 3553 .
843 3542 854 3553 .
887 3540 896 3551 .
927 3518 1071 3569 τεχν.
1110 3514 1214 3552 0111.
1245 3498 1298 3552 V
