2588 3876
364 134 449 199 96
1086 137 1260 189 ΠΕΡΙ
1294 137 1550 189 ΑΓΜΩΝ
1586 140 1652 189 31

362 302 627 382 χλευσις
658 297 854 382 αὕτη·
899 296 941 380 ἢ
978 299 1104 383 γὰρ
1145 298 1356 375 οὕτως
1395 297 1766 382 ἐμπεσεῖται
1809 300 1890 363 τὰ
1935 296 2129 363 ὀστέα
2174 296 2215 381 ἢ
2264 297 2388 363 οὐκ

366 406 594 481 ἄλλως.
673 401 760 488 ἢν
806 402 864 468 δ’
910 405 1038 489 ἄρα
1081 413 1202 470 τοῦ
1249 403 1483 470 ὀστέου
1528 405 1603 470 τὸ
1645 406 1787 471 ἄνω
1831 402 2390 492 παρηλλαγμένον

364 512 450 594 μὴ
507 509 880 594 ἐπιτήδειον
918 513 1046 595 -ἔχῃ
1103 510 1382 597 ἐνέδρην
1426 519 1516 600 τῷ
1563 515 1807 598 μοχλῷ,
1867 510 2032 575 ἀλλὰ
2086 508 2391 597 πάροξυν

362 616 739 703 παραφέρῃ,
784 618 1307 703 παραγλύψαντα
1352 619 1476 703 χρὴ
1521 627 1642 683 τοῦ
1690 616 1924 682 ὀστέου
1970 616 2253 703 ἐνέὸρην
2298 626 2391 705 τῷ

313 751 337 792 5
364 727 585 811 μοχλῷ
630 723 930 808 ἀσφαλέα
972 732 1261 807 ποιῆσαι.
1336 725 1682 809 μοχλεύειν
1719 719 1795 789 δὲ
1839 725 1962 810 χρὴ
1997 724 2107 789 καὶ
2143 727 2393 790 τείνειν
2413 707 2426 719 ⁸

366 828 713 915 αὐθήμερα
757 829 797 913 ἢ
856 831 1229 916 δευτεραῖα,
1288 841 1546 917 τριταῖα
1606 826 1680 895 δὲ
1738 833 1856 914 μή,
1909 841 2262 916 τεταρταῖα
2316 827 2392 896 δὲ

365 938 454 1013 ὡς
523 937 757 1020 ἥκιστα
827 939 937 1002 καὶ
998 947 1345 1022 πεμπταῖα.
1444 939 1557 1002 καὶ
1620 938 1745 1023 γὰρ
1810 938 1897 1021 μὴ
1971 937 2392 1022 ἐμβάλλοντι,

365 1043 715 1128 ὀχλήσαντι
777 1045 852 1109 δὲ
908 1043 982 1109 ἐν
1025 1045 1302 1128 ταύτῃσι
1347 1053 1496 1129 τῇσι
1549 1044 1827 1130 ἡμέρῃσι
1871 1046 2259 1129 φλεγμονὴν
2305 1043 2393 1109 ἂν

365 1152 659 1234 ποιήσειε
702 1152 811 1216 καὶ
849 1150 1241 1235 ἐμβάλλοντι
1266 1147 1482 1215 οὐδὲν
1515 1146 1754 1235 ἧσσον·
1819 1151 2125 1234 σπασμὸν
2161 1148 2392 1235 μέντοι

288 1286 340 1326 ιο
368 1257 758 1341 ἐμβάλλοντι
812 1260 986 1323 πολὺ
1042 1256 1126 1322 ἂν
1180 1261 1435 1342 μᾶλλον
1493 1260 1831 1341 ποιήσειεν
1880 1256 1926 1340 ἢ
1980 1244 2393 1343 ἀπορήσαντι

368 1362 691 1447 ἐμβαλεῖν.
763 1372 968 1430 ταῦτα
1013 1359 1088 1429 εὖ
1134 1364 1256 1449 χρὴ
1294 1362 1569 1429 εἰδέναι·
1614 1364 1723 1429 καὶ
1758 1365 1884 1449 γὰρ
1923 1364 1983 1428 εἰ
2018 1362 2391 1445 ἐπιγένοιτο

369 1470 665 1553 σπασμὸς
710 1469 1125 1554 ἐμβάλλοντι,
1172 1469 1432 1546 ἐλπίδες
1473 1467 1600 1556 μὲν
1636 1468 1719 1534 οὐ
1754 1470 1996 1534 πολλαὶ
2032 1474 2392 1555 σωτηρίης·

367 1580 694 1642 λυσιτελεῖ
729 1574 804 1642 δὲ
840 1577 1049 1642 ὀπίσω
1091 1576 1436 1662 ἐκβάλλειν
1479 1577 1553 1641 τὸ
1591 1575 1843 1660 ὀστέον,
1877 1577 1941 1641 εῑ
1985 1567 2135 1641 οἷόν
2168 1600 2242 1641 τε
2288 1581 2390 1659 εἴη

367 1681 633 1768 ἀόχλως.
725 1684 805 1749 οὐ
860 1685 986 1771 γὰρ
1043 1683 1150 1750 ἐπὶ
1203 1693 1344 1761 τοῖς
1402 1681 1913 1769 χαλαρωτέροισι
1969 1689 2091 1748 τοῦ
2148 1691 2390 1769 καιροῦ

288 1816 339 1857 15
368 1791 651 1875 σπασμοὶ
696 1791 805 1856 καὶ
840 1790 1101 1857 τέτανοι
1137 1790 1568 1874 ἐπιγίνονται,
1614 1789 1780 1854 ἀλλὰ
1816 1789 1923 1855 ἐπὶ
1956 1800 2097 1866 τοῖς
2134 1788 2392 1866 ἐντετα-

366 1895 626 1981 μένοισι
661 1902 932 1982 μᾶλλον.
1005 1897 1154 1984 περὶ
1193 1892 1275 1963 οὗ
1313 1891 1439 1963 οὗν
1475 1896 1511 1963 ὁ
1549 1881 1767 1982 λόγος,
1814 1896 1895 1962 οὐ
1930 1897 2053 1983 χρὴ
2092 1894 2392 1982 ἐνοχλεῖν

367 2001 442 2068 ἐν
485 2014 635 2089 τῇσι
679 2004 1233 2090 προειρημένῃσιν
1276 2002 1599 2090 ἡμέρῃσιν
1641 2004 1945 2088 ταύτῃσι,
1993 2002 2160 2067 ἀλλὰ
2205 2007 2391 2087 μελε-

367 2119 490 2174 τᾶν
536 2110 711 2186 ὅπως
747 2110 978 2192 ἥκιστα
1032 2114 1399 2194 φλεγμανεῖ
1441 2110 1518 2174 τὸ
1565 2107 1755 2186 ἕλκος
1805 2109 1915 2173 καὶ
1960 2109 2246 2192 μάλιστα
2289 2108 2392 2174 ἐκ·

367 2217 623 2298 πυήσει.
713 2214 879 2300 ἐπὴν
943 2213 1017 2281 δὲ
1081 2214 1241 2280 ἑπτὰ
1303 2214 1539 2301 ἡμέραι
1601 2214 2027 2301 παρέλθωσιν
2085 2214 2126 2298 ἢ
2187 2214 2391 2302 ὀλίγῳ

289 2348 342 2389 20
367 2325 664 2407 πλείους,
719 2321 804 2405 ἣν
858 2321 1179 2408 ἀπύρετος
1224 2314 1266 2408 ᾖ
1321 2322 1429 2386 καὶ
1467 2323 1570 2406 -μὴ
1624 2324 1997 2407 φλεγμαίνῃ
2046 2323 2123 2386 τὸ
2181 2320 2391 2405 ἕλκος,

264 2444 366 2495 532
386 2431 533 2494 τότε
580 2424 787 2513 ἧσσον
830 2430 1073 2494 κωλύει
1117 2435 1479 2514 πειρᾶσθαι
1526 2427 1900 2512 ἐμβάλλειν,
1954 2427 2040 2511 ἢν
2077 2426 2089 2514 Ι
2127 2426 2395 2512 ἐλπίζῃς

367 2539 743 2622 κρατήσειν
826 2538 884 2601 εἰ
944 2532 1018 2600 δὲ
1079 2537 1199 2657 μή,
1272 2531 1477 2600 οὐδὲν
1540 2536 1643 2599 δεῖ
1704 2535 1916 2631 ματην
1986 2534 2245 2656 ὀχλεῖν
2281 2535 2395 2599 καὶ

368 2643 729 2728 ὀχλεῖσθαι.
1554 2672 1559 2679 ·
2385 2675 2389 2678 ·

514 2805 541 2853 1
582 2800 632 2854 εἰ
667 2800 773 2869 γὰρ
810 2798 930 2853 MV
1040 2799 1159 2854 ἐνπ.
1196 2798 1280 2852 Β
1406 2805 1438 2851 3
1478 2798 1591 2869 ἔχει
1624 2797 1717 2850 Β
1777 2798 2030 2865 παροξυν
2068 2797 2133 2864 Β,
2171 2798 2397 2864 πωροξυ

369 2869 429 2922 Μ
462 2870 629 2940 vulg„
665 2868 806 2938 παρ’
839 2870 938 2937 ὀξυ
975 2870 1027 2924 V
1133 2877 1169 2923 4
1206 2867 1236 2924 ὃ
1272 2867 1591 2938 παραφέρει
1625 2868 1747 2922 MV
1815 2869 2034 2937 παροξὺ
2074 2867 2171 2923 ἐὸν
2204 2887 2400 2937 παρα-

371 2973 514 3047 φέρῃ
550 2975 714 3044 Bosq.
753 2977 886 3031 Litt.
1033 2982 1064 3030 8
1101 2997 1133 3030 τ
1142 2984 1259 3031 σιν
1298 2974 1349 3028 V
1490 2981 1557 3029 10
1594 2960 1772 3029 πολυν
1807 2974 1870 3042 Β,
1908 2996 1942 3030 ν
1980 2993 2050 3029 se.
2079 2973 2172 3041 B',
2207 2976 2398 3030 πουλυ

573 3051 637 3099 12
676 3046 777 3117 μὲν
812 3047 1023 3101 lineola·
1059 3048 1166 3101 de.
1195 3047 1270 3100 Β8
1415 3052 1479 3100 13
1516 3044 1809 3101 λυσιτελέει
1847 3017 2003 3100 {odd
2094 3045 2121 3100 ἐ
2121 3045 2398 3117 μβοῖλλ.Β

473 3121 612 3172 θιον
646 3134 748 3186 pro
786 3115 908 3174 οἶόν
944 3118 1034 3185 ΒῙ,
1073 3135 1207 3173 corr.
1237 3118 1313 3171 B³
1457 3123 1526 3171 14
1558 3122 1704 3173 τοῖσι
1739 3120 1857 3189 χαλ.
1896 3116 2017 3170 MV
2162 3122 2229 3170 15
2271 3116 2400 3171 ἐπι-

369 3186 629 3256 γένονται
664 3189 709 3241 Β
796 3187 916 3243 ἀλλ’
957 3188 1077 3242 MV
1220 3194 1286 3242 16
1317 3189 1628 3260 ἐνοχλεύειν
1663 3189 1727 3255 Β,
1764 3187 1935 3244 -λέειν
1973 3190 2076 3241 cet.
2118 3188 2283 3242 codd..
2389 3198 2394 3199 ⁷

375 3264 438 3311 17
477 3257 711 3327 ἡμέρησι
746 3259 866 3312 MV
944 3260 1119 3332 ταύτῃ
1123 3277 1211 3316 σιν
1247 3259 1301 3313 V
1445 3265 1510 3313 18
1549 3257 1693 3323 ὅκως
1718 3259 1838 3313 MV
1926 3263 2217 3351 φλεγμενει
2254 3259 2398 3326 ΒΜ,

371 3349 568 3400 -μαινη
598 3313 665 3394 Ὺ,
703 3338 896 3398 -μανεῖ
919 3331 1050 3384 Litt.
1161 3330 1445 3398 ἐκποιήσει
1479 3331 1541 3397 Β,
1590 3330 1816 3399 -πυήσει
1852 3330 1928 3398 Μ,
1966 3328 2210 3420 -πυήση
2204 3329 2259 3383 V

373 3392 441 3453 20
480 3401 611 3454 ante
647 3402 736 3453 πλ.
776 3401 904 3453 add
943 3403 1040 3455 καὶ
1066 3401 1119 3455 V
1190 3400 1516 3470 φλεγμαίνει
1542 3402 1657 3455 ΒΜ
1802 3407 1865 3455 21
1906 3374 2213 3470 κωλύεινῆ
2254 3400 2398 3468 ΜῪ,

371 3471 569 3526 κωλύει
606 3470 725 3523 sine
761 3467 795 3537 ἢ
832 3470 895 3538 Β,
932 3473 1114 3544 κωλύῃ
1152 3472 1285 3553 Wb.·
1354 3477 1660 3555 πειρῆσθαι
1695 3472 1813 3527 ΜῪ
1957 3478 2040 3526 22.
2062 3478 2139 3554 23
2170 3471 2401 3554 ὀχλέειν

373 3545 433 3595 eb
467 3540 760 3614 ὀχλέεσθαι
797 3542 955 3596 codd.
1887 3545 1893 3553 ’
