2588 3876
875 126 1049 176 ΠΕΡΙ
1081 124 1339 179 Arum}
1375 128 1424 178 2.
1463 128 1495 176 3
2105 123 2195 187 49

179 284 497 369 ἐκέλευεν,
534 287 779 363 πόνους
805 284 890 351 ἂν
917 287 1159 363 ἄλλους
1183 288 1474 362 πολλοὺς
1504 289 1892 372 προσετίθει
1921 284 2196 368 μέζονας

175 400 292 458 τοῦ
338 393 705 477 τρώματος,
760 400 957 458 τοῦτο
1013 390 1072 457 δ’
1125 393 1186 458 εἰ
1234 393 1614 476 συγκάμψαι
1668 390 1988 476 ἐκέλευεν,
2043 392 2196 486 οὔτε

175 501 255 563 τὰ
295 497 493 564 ὀστέα
539 499 693 564 οὔτε
735 500 816 563 τὰ
855 508 1061 585 νεῦρα
1095 500 1248 565 οὔτε
1285 501 1353 564 αἱ
1392 500 1629 585 σάρκες
1662 495 1758 564 ἔτι
1794 497 1868 564 ἐν
1903 507 1994 588 τῷ
2024 500 2202 588 αὐτῷ

177 604 500 689 ἐγίνοντο,
563 605 728 670 ἀλλὰ
785 607 948 691 ἄλλῃ
1006 616 1463 688 μετεκοσμεῖτο
1520 605 1606 672 ἂν
1662 605 2020 692 κρατέοντα
2075 607 2198 690 τὴν

176 710 498 777 ἐπίδεσιν·
559 713 669 777 καὶ
723 715 793 777 τί
842 714 1083 796 ὄφελός
1145 711 1284 778 ἐστι
1347 710 1608 789 τοξικοῦ
1673 714 2023 798 σχήματος;
2086 713 2196 777 καὶ
2250 738 2276 779 5

177 828 376 891 ταῦτα
425 825 586 896 ἴσως
629 818 753 884 οὐκ
798 818 883 884 ἂν
920 817 1315 906 ἐξημάρτανε
1352 821 1799 904 σοφιζόμενος,
1845 820 1905 885 εἰ
1941 825 2043 884 εἴα
2078 819 2197 885 τὸν

178 923 589 1010 τετρωμένον
632 926 838 990 αὐτὸν
880 927 1003 1009 τὴν
1047 936 1231 1012 χεῖρα
1274 925 1749 1010 παρασχέσθαι.

306 1032 364 1096 3.
421 1031 662 1108 ”Amos
707 1031 765 1097 δ’
821 1026 907 1096 αὖ
952 1055 1052 1109 τις
1096 1043 1231 1097 τῶν
1276 1033 1520 1118 ἰητρῶν
1564 1032 1806 1117 ὑπτίην
1851 1034 1972 1116 τὴν
2015 1043 2198 1118 χεῖρα

180 1139 362 1223 δούς,
424 1139 602 1203 οὕτω
660 1141 1067 1203 κατατείνειν
1125 1137 1425 1204 ἐκέλευσε
1481 1140 1593 1203 καὶ
1650 1139 1861 1216 οὕτως
1916 1137 2200 1224 ἔχουσαν

179 1243 389 1310 ἐπέὸει
436 1254 636 1311 τοῦτο
681 1247 966 1327 νομίζων
1009 1245 1083 1309 τὸ
1129 1247 1294 1309 κατὰ
1339 1247 1550 1329 φύσιν
1593 1240 1764 1311 εἶναι
1809 1254 1901 1334 τῷ
1945 1269 2016 1310 τε
2049 1248 2203 1332 χροῒ
2227 1273 2280 1312 1⁰

179 1354 656 1434 σημαινόμενος
700 1353 810 1416 καὶ
852 1353 934 1415 τὰ
978 1350 1171 1417 ὀστέα
1215 1354 1500 1433 νομίζων
1549 1354 1712 1417 κατὰ
1767 1353 1976 1438 φύσιν
2030 1349 2200 1418 εἶναι

182 1458 416 1543 οὕτως,
484 1459 588 1524 ὅτι
652 1462 956 1543 φαίνεται
1016 1459 1090 1522 τὸ
1151 1455 1374 1543 ἐξέχον
1432 1457 1665 1524 ὀστέον
1720 1460 1794 1524 τὸ
1852 1462 2029 1546 παρὰ
2084 1461 2202 1526 τὸν

181 1568 452 1649 καρπόν,
516 1558 559 1650 ᾗ
616 1564 651 1630 ὁ
708 1565 979 1650 σμικρὸς
1037 1565 1388 1647 δάκτυλος,
1450 1563 1587 1629 κατ’
1644 1565 1973 1652 ἰθυωρίην
2030 1561 2203 1632 εἶναι

182 1680 296 1735 τοῦ
351 1670 621 1754 ὀστέου,
670 1668 681 1756 Ι
729 1669 839 1736 ἀπ’
893 1672 1046 1736 ὅτευ
1100 1671 1219 1735 τὸν
1269 1680 1489 1755 πῆχυν
1543 1671 1608 1735 οἱ
1664 1673 2010 1758 ἄνθρωποι
2062 1695 2173 1753 με-
2204 1692 2310 1741 424

184 1776 507 1861 τρέουσιν.
596 1785 802 1842 ταῦτα
862 1777 1192 1863 μαρτύρια
1248 1776 1553 1860 ἐπήγετο,
1614 1777 1716 1842 ὅτι
1772 1778 1937 1842 κατὰ
1994 1779 2204 1862 φύσιν
2231 1804 2281 1845 1⁶

186 1883 389 1961 οὕτως
432 1881 599 1969 ἔχει,
653 1884 762 1949 καὶ
817 1882 1028 1949 ἐδόκει
1074 1878 1149 1949 εὖ
1197 1882 1431 1967 λέγειν.
1513 1882 1678 1949 ἀλλὰ
1720 1892 1915 1949 τοῦτο
1959 1882 2100 1968 μέν,
2146 1885 2206 1949 εἰ

186 1989 377 2075 ὑπτίη
425 1992 468 2075 ἡ
515 1992 654 2076 χεὶρ
701 1995 1168 2074 κατατείνοιτο,
1228 1992 1514 2076 ἰσχυρῶς
1565 1994 1800 2074 πονοίη
1848 1992 1958 2057 ἄν·
2012 1995 2204 2076 γνοίη

188 2094 248 2160 δ’
279 2099 363 2163 ἄν
406 2122 510 2174 τις
552 2099 675 2181 τὴν
719 2097 970 2163 ἑωυτοῦ
1017 2108 1202 2184 χεῖρα
1256 2101 1666 2181 κατατείνας,
1720 2098 1810 2175 ὡς
1862 2096 2207 2164 ἐπώδυνον

189 2203 258 2267 τὸ
313 2214 544 2289 σχῆμα.
637 2203 776 2269 ἐπεὶ
830 2205 938 2269 καὶ
992 2203 1158 2289 ἀνὴρ
1212 2205 1440 2288 ἥσσων
1492 2203 1814 2291 κρέσσονα
1874 2205 2207 2289 διαλαβὼν

192 2310 393 2387 οὕτως
451 2308 526 2375 ἐν
578 2320 770 2395 τῇσιν
828 2310 1077 2376 ἑωυτοῦ
1137 2314 1396 2396 χερσίν,
1459 2311 1549 2387 ὠς
1609 2315 1839 2375 κλᾶται
1892 2310 1930 2375 ὁ
1986 2311 2207 2395 ἀγκὼν
2234 2337 2288 2376 20

190 2414 440 2499 ὕπτιος,
478 2418 627 2499 ἄγοι
664 2415 748 2480 ἂν
786 2417 912 2502 ὅπῃ
943 2415 1191 2481 ἐθέλοι·
1237 2417 1393 2481 οὔτε
1428 2418 1553 2503 γὰρ
1582 2418 1641 2481 εἰ
1669 2415 1858 2501 ξίφος
1893 2415 1967 2482 ἐν
2001 2418 2204 2501 ταύτῃ

191 2530 266 2606 τῇ
308 2523 481 2609 χειρὶ
525 2519 693 2606 ἔχοι,
752 2519 891 2606 ἔχοι
937 2521 1021 2587 ἂν
1068 2523 1104 2587 ὅ
1149 2545 1213 2587 τι
1267 2524 1581 2608 χρήσαιτο
1636 2531 1726 2611 τῷ
1773 2520 1974 2606 ξίφει·
2034 2521 2204 2586 οὕτω

332 2668 358 2715 1
394 2660 607 2716 ἐκέλευε
634 2661 785 2730 Lite„
816 2662 1032 2730 ἔμελλεν
1059 2662 1217 2717 codd.
1290 2663 1527 2724 πολλοὺς
1553 2661 1665 2715 ἄλλ.
1690 2660 1744 2715 V
1813 2660 1944 2730 μ.είζ
1974 2660 2133 2714 codd.

193 2735 223 2783 2
262 2732 331 2801 δὴ
358 2749 462 2802 pro
490 2730 547 2787 δ’
581 2733 632 2788 εἰ
657 2732 711 2787 V
781 2731 1068 2802 συγκαψαι
1094 2732 1220 2786 B⁸V
1283 2730 1528 2787 ἐκέλευσε
1555 2732 1618 2799 Β,
1647 2735 1795 2786 -λευε
1822 2732 1881 2785 Μ
1967 2737 1998 2784 3
2030 2730 2207 2804 αὐτέῳ

196 2803 350 2857 codd.
480 2808 514 2856 4
551 2801 624 2858 αν
662 2821 767 2858 om.
805 2805 985 2872 codd„
1021 2803 1093 2858 τὰ
1118 2820 1218 2873 pro
1248 2801 1322 2858 αν
1349 2803 1412 2870 Β,
1448 2804 1585 2856 mut.
1614 2802 1675 2855 in
1703 2802 1804 2872 μὴ
1803 2803 1877 2855 Β*
2004 2808 2035 2856 6
2065 2822 2208 2856 αντα

195 2872 281 2942 Βῑ,
314 2895 347 2928 τ
384 2875 643 2944 praefixit
676 2875 752 2929 B⁸
894 2879 926 2928 8
965 2847 1123 2938 αὖτις
1158 2874 1218 2927 Μ
1322 2874 1422 2928 τὸν
1460 2873 1653 2997 ἰῗτρὸν
1689 2872 1749 2925 Μ
1890 2879 1920 2927 9
1961 2871 2207 2928 ἐκέλευεν

195 2918 281 3013 Μ,
324 2892 536 3001 ἐκέλευε
570 2946 624 2999 V
769 2951 946 3000 10.11
985 2950 1061 3000 τῶ
1100 2989 1112 3000 .
1146 2989 1156 3000 .
1241 2945 1412 3014 φυσιν
1449 2964 1474 2998 ε
1500 2965 1598 2999 ναι
1632 2944 1854 3013 puncffis
1895 2944 2204 2998 oircumscr.

197 3014 241 3067 B
383 3015 520 3086 13ἣ
557 3016 609 3071 V
752 3023 820 3071 14
857 3015 963 3087 ἀφ’
1007 3001 1200 3071 όκοίου
1234 3036 1294 3071 τε
1331 3015 1465 3085 vulg
1427 3034 1498 3085 g.‚
1532 3035 1593 3071 τε
1630 3032 1736 3070 om.
1773 3015 1846 3081 Β,
1898 3012 2003 3085 ἀφ’
2047 3015 2208 3071 ὁτέου

198 3084 355 3154 Litt„
401 3087 597 3158 scripsi
635 3086 736 3142 ἀπ’
782 3038 941 3155 ὅτευφ
980 3087 1048 3142 ef.
1087 3088 1235 3141 infra
1273 3092 1359 3155 50,
1388 3092 1418 3140 9
1592 3086 1777 3155 ρέουσι
1812 3086 1864 3141 V
1939 3036 2038 3141 φ15
2076 3089 2209 3142 anto

202 3176 353 3224 μαρτ.
375 3158 502 3214 add„
574 3158 646 3213 τὰ
681 3159 849 3229 vulg„
877 3176 982 3213 om.
1012 3158 1188 3212 BMV
1306 3164 1371 3211 16
1410 3157 1473 3212 ἐὸ
1507 3177 1597 3213 κεε
1592 3108 1745 3212 QMV
1816 3161 2064 3228 ευλογειν
2089 3158 2136 3212 Β

203 3263 541 3389 17ἡχεὶρὺα
533 3265 586 3319 V
634 3263 805 3323 νπτία
824 3264 936 3318 MV
983 3284 1111 3321 πον.
1124 3251 1325 3335 ἅγνοίη
1351 3264 1414 3331 Β,
1445 3281 1513 3319 ss.
1534 3263 1610 3316 B'
1683 3269 1748 3318 18
1785 3265 2064 3339 καΙτεινας
2091 3264 2137 3317 Β

204 3373 267 3421 19
304 3357 552 3439 κρεισσον
579 3372 644 3439 Β,
682 3388 751 3425 ss.
781 3371 856 3425 B²
958 3377 1027 3425 20
1054 3368 1117 3427 εὖ
1144 3387 1245 3442 pro
1275 3371 1337 3426 ἐν
1363 3370 1731 3425 DFHIJKN
1757 3371 1889 3425 Litt.
1911 3371 2008 3437 Pq.
2074 3368 2209 3423 ὥστε

203 3436 325 3493 Wb.
449 3448 515 3495 21
547 3440 676 3498 ὅποι
712 3442 778 3507 V,
819 3441 928 3515 ὅπῃ
969 3445 1071 3497 cet.
1144 3391 1249 3496 Ροῦ
1286 3462 1340 3496 τι
1367 3442 1494 3496 Wb.
1567 3439 1640 3509 ἢν
1676 3441 1721 3494 Β
1848 3447 1913 3494 22
1954 3447 2074 3510 σχεῖ
2105 3447 2206 3505 pro

204 3510 378 3576 priore
415 3513 530 3585 ἔχοι
565 3513 611 3566 Β
721 3534 896 3577 ουτως
930 3515 975 3567 Β

307 3602 614 3644 Hnu’nocmm
617 3586 1893 3645 811.4
