2588 3876
698 173 874 222 ΠΕΡΙ
908 171 1198 225 ΑΡΘΡΩΝ
1235 171 1596 221 ΕΜΒΟΛΗΣ
1633 174 1717 221 44.
1750 173 1817 221 45
2147 168 2269 230 171

239 329 397 394 ἄλλο
446 342 636 412 σῶμα
685 332 924 397 ἅδετον
968 327 1139 396 εἶναι
1185 336 1341 417 χρή,
1401 332 1576 414 πλὴν
1636 330 1801 394 ὅσον
1861 337 1983 393 τοῦ
2040 351 2274 414 κατορ-

241 442 546 501 θοῦσθαι
586 438 832 521 εἵνεκα,
880 439 1044 523 ἄλλῃ
1092 438 1199 502 καὶ
1238 439 1403 522 ἄλλῃ
1449 439 1669 522 ταινίῃ
1714 441 1964 521 χαλαρῇ
2011 438 2272 519 περιβε-

238 543 550 624 βλῆσθαι.
644 544 820 620 ὅπως
867 544 942 609 δὲ
987 545 1074 628 μὴ
1129 543 1479 608 κωλύουσιν
1524 537 1724 606 οὗτοι,
1757 542 1830 606 οἱ
1870 539 2101 624 δεσμοὶ
2151 540 2273 622 τὴν

236 649 641 733 κατάσεισιν,
689 660 978 715 σκοπεῖν.
1068 649 1148 712 τὰ
1196 645 1270 713 δὲ
1316 648 1548 713 σκέλεα
1591 649 1755 733 πρὸς
1801 642 1924 729 μὲν
1969 646 2092 728 τὴν
2135 646 2274 710 κλί-

235 778 404 835 μακα
449 757 542 839 μὴ
590 755 1097 842 προσδεὸέσθω,
1153 756 1319 837 πρὸς
1366 754 1615 836 ἄλληλα
1661 752 1765 836 δέ,
1812 754 1900 829 ὡς
1943 753 2107 816 κατὰ
2152 752 2274 833 τὴν
2329 774 2353 813 5

240 861 432 944 ῥάχιν
481 862 826 947 ὗθύρροπα
862 853 921 948 ᾗ.
1003 869 1210 926 ταῦτα
1245 860 1473 945 μέντοι
1510 860 2039 944 τοιουτοτρόπως
2083 879 2271 940 ποιη-

237 965 366 1051 τέα,
406 969 466 1032 εἰ
504 968 771 1044 πάντως
809 967 949 1032 δέοι
988 966 1061 1032 ἐν
1097 969 1363 1051 κλίμακι
1400 971 1948 1048 κατασεισθῆναι·
1995 964 2271 1048 αἰσχρὸν

232 1072 458 1153 μέντοι
510 1073 585 1138 ἐν
632 1074 805 1159 πάσῃ
852 1073 1046 1159 τέχνῃ
1101 1071 1215 1138 καὶ
1269 1072 1391 1156 οὐχ
1437 1072 1673 1155 ἥκιστα
1719 1071 1794 1137 ἐν
1840 1074 2097 1157 ἰητρικῇ
2152 1090 2271 1133 πο-

231 1181 354 1243 λὺν
382 1182 593 1265 ὄχλον
620 1178 730 1245 καὶ
757 1181 1014 1263 πολλὴν
1042 1181 1202 1257 ὄψιν
1231 1177 1342 1243 καὶ
1369 1181 1587 1243 πολὺν
1614 1180 1822 1261 λόγον
1849 1180 2273 1262 παρασχόντα

229 1287 447 1350 ἔπειτα
485 1282 700 1370 μηδὲν
743 1286 1098 1370 ὠφελῆσαι.
1139 1289 1149 1365 Ι
2302 1303 2354 1342 10

359 1390 468 1456 45.
521 1394 670 1481 Χρὴ
712 1388 785 1456 δὲ
829 1402 1097 1477 πρῶτον
1141 1388 1265 1475 μὲν
1312 1392 1669 1474 γινώσκειν
1712 1391 1835 1474 τὴν
1880 1390 2093 1473 φύσιν
2137 1397 2254 1470 τῆς
2276 1399 2379 1447 190

228 1497 478 1582 ῥάχιος,
530 1499 638 1581 οἴη
675 1500 775 1574 τίς
803 1496 1008 1562 ἐστιν·
1058 1497 1125 1574 ἐς
1161 1498 1377 1562 πολλὰ
1413 1498 1540 1582 γὰρ
1576 1499 1916 1579 νοσήματα
1950 1493 2265 1581 προσδέοι

219 1602 310 1668 ἂν
356 1605 583 1687 αὐτῆς.
664 1613 863 1669 τοῦτο
910 1600 1033 1687 μὲν
1078 1604 1204 1689 γὰρ
1251 1603 1326 1667 τὸ
1371 1604 1537 1688 πρὸς
1581 1603 1706 1685 τὴν
1740 1603 2003 1685 κοιλίην
2041 1598 2266 1686 ῥέπον,

231 1711 296 1773 οὶ
349 1711 733 1795 σφόνδυλοι
789 1709 975 1786 ἐντὸς
1035 1710 1260 1794 ἄρτιοί
1315 1709 1490 1773 εἰσιν
1550 1707 1936 1791 ἀλλήλοισιν
1993 1705 2103 1771 καὶ
2164 1705 2267 1771 δέ-

235 1815 460 1881 δενται
527 1817 691 1903 πρὸς
754 1816 1080 1900 ἀλλήλους
1145 1817 1366 1901 δεσμῷ
1429 1813 1716 1898 μυξώδει
1778 1813 1887 1877 καὶ
1947 1813 2269 1898 νευρώδει
2299 1829 2349 1869 15

233 1919 357 1987 ἀπὸ
425 1924 736 2008 χόνδρων
797 1921 1255 2007 ἆποπεφυκότι
1316 1922 1467 2007 ἄχρι
1530 1920 1696 2007 πρὸς
1755 1919 1877 1984 τὸν
1937 1928 2269 1984 νωτιαῖον.

233 2028 421 2094 ἄλλοι
479 2028 561 2094 δέ
612 2052 788 2106 τινες
842 2031 1026 2094 τόνοι
1081 2028 1449 2114 νευρώδεες
1504 2028 1834 2092 διανταῖοι
1893 2028 2269 2112 πρόσφυτοι

232 2133 711 2220 παρατέτανται
768 2136 972 2199 ἔνθ-εν
1026 2135 1136 2199 καὶ
1182 2135 1390 2199 ἔνθεν
1435 2133 1674 2198 αὐτῶν.
1767 2135 1836 2197 αἱ
1883 2129 1955 2197 δὲ
2002 2135 2271 2216 φλεβῶν

235 2237 342 2304 καὶ
389 2240 732 2326 ἀρτηριῶν
775 2241 1121 2305 κοινωνίαι
1170 2238 1245 2304 ἐν
1292 2236 1489 2327 ἑτέρῳ
1537 2242 1713 2326 λόγῳ
1759 2239 2268 2322 ὃεδηλώσονται,

234 2343 382 2411 ὅσαι
439 2369 512 2410 τε
566 2346 677 2410 καὶ
732 2337 868 2410 οἷαι
923 2343 1033 2411 καὶ
1089 2345 1255 2410 ὅθεν
1312 2344 1691 2431 ὡρμημέναι
1735 2345 1847 2409 καὶ
1893 2343 1968 2409 ἐν
2014 2336 2130 2420 οἷς.
2161 2335 2270 2407 οἷα
2298 2358 2350 2397 20

372 2473 400 2520 1
445 2467 552 2539 χρὴ
592 2483 697 2521 om.
727 2466 831 2536 Ap.
945 2473 992 2519 1.
1025 2472 1056 2519 2
1087 2465 1521 2534 κατορθῶσαιῖΤ
1630 2471 1662 2518 3
1692 2464 1917 2519 dn.MV
1988 2464 2270 2517 κωλύσου-
2347 2470 2350 2475 ’

236 2538 319 2590 ’σιν
355 2538 428 2604 Β,
471 2555 634 2592 -ωσιν
671 2537 819 2604 MV,
867 2554 1027 2590 -σωσι
1064 2536 1201 2604 Ap.,
1249 2552 1445 2590 -σωσιν
1484 2539 1538 2589 Γ
1638 2534 1739 2603 τὴν
1776 2533 2082 2589 κατάτασιν
2113 2528 2270 2587 οὗτοι

237 2606 290 2660 οἱ
325 2612 375 2663 ὃ.
405 2610 514 2676 Ap.
653 2613 687 2660 4
726 2606 982 2662 σκοπέειν
1020 2608 1197 2673 codd„
1240 2624 1346 2660 om.
1377 2606 1483 2675 Ap.
1556 2606 1627 2660 τὰ
1664 2605 1727 2660 δὲ
1750 2649 1760 2658 .
1786 2648 1796 2658 .
1821 2648 1831 2658 .
1854 2606 2137 2673 ὠφελῆσαι
2157 2606 2267 2673 (10)

233 2693 335 2732 om.
367 2683 422 2733 Γ
529 2683 560 2731 5
588 2677 662 2748 μὴ
690 2678 916 2746 punctis
946 2677 1316 2731 circumdedit
1342 2677 1417 2731 Β8
1487 2676 1904 2745 προσδεδέσθαι
1930 2675 2035 2743 Ap.
2130 2680 2161 2728 6
2191 2674 2271 2737 εἰς

236 2748 376 2804 εὐθὺ
407 2767 565 2817 ρεπει
591 2766 693 2817 pro
724 2750 806 2803 ἰθ.
838 2743 874 2821 ᾗ
900 2749 951 2801 Α
994 2791 1006 2801 .
1098 2747 1198 2817 μὲν
1225 2764 1328 2817 pro
1356 2746 1546 2815 μέντοι
1573 2747 1746 2816 MAp.
1874 2752 1924 2800 6.
1959 2751 1987 2798 7
2024 2764 2268 2799 ποιειται

232 2837 342 2872 aa·
381 2838 612 2881 παντως
637 2820 683 2873 Β
774 2767 1037 2888 ποιητέον
1055 2820 1159 2888 Ap.
1301 2823 1331 2870 7
1361 2819 1497 2890 ἔχει·
1535 2835 1637 2888 pro
1668 2819 1717 2872 εἰ
1735 2819 1838 2887 Ap.
1977 2821 2008 2868 8
2038 2815 2138 2885 μὲν
2166 2833 2268 2884 pro

233 2888 421 2956 μέντοι
439 2891 545 2959 Ap.
622 2891 752 2944 ante
782 2890 842 2944 ἐν
881 2891 1009 2944 add.
1039 2891 1138 2944 καὶ
1164 2889 1285 2942 MV
1394 2895 1443 2941 8.
1466 2894 1497 2941 9
1526 2892 1683 2943 πουλ.
1713 2891 1952 2955 utroque
1979 2887 2103 2941 loeo
2123 2886 2270 2940 VM1

304 2967 333 3014 9
359 2978 608 3032 παρασχ.
637 2963 768 3030 post
797 2960 908 3043 ὄχλ.
929 2962 1034 3029 Ap.
1126 2964 1193 3013 10
1221 2960 1319 3013 καὶ
1348 2961 1480 3012 ante
1509 2960 1699 3015 ἔπειτα
1729 2960 1857 3012 add.
1878 2959 1983 3027 Ap.
2080 2963 2146 3011 14
2177 2975 2267 3012 σπ.

239 3029 344 3085 BV
492 3031 566 3085 ad
617 3032 799 3100 ἄρτιοι
844 3049 881 3084 1.
919 3050 990 3084 m.
1041 3032 1374 3101 ἀπηρτισμεζ
1422 3030 1512 3096 B2,
1567 3049 1615 3083 v.
1666 3029 1786 3084 Gal.
1828 3046 2022 3083 comm.
2070 3028 2267 3094 XVHI,

234 3101 284 3153 A
320 3108 450 3156 526:
508 3103 627 3170 ἀρτ.
673 3099 828 3157 τοῦτ’
872 3103 1019 3157 ἐστιν
1074 3098 1519 3170 ἀπηρτισμένους
1634 3100 1912 3168 ἀλλήλοισι
1957 3099 2078 3153 MV
2179 3104 2269 3155 δε-

234 3193 390 3262 dgna
412 3212 467 3262 Γ
564 3213 630 3261 15
659 3210 809 3262 dem
831 3211 883 3261 Γ
948 3209 1136 3275 ἀνενρ.
1159 3207 1282 3273 BV,
1313 3206 1580 3279 {vstJM
1655 3213 1722 3260 16
1751 3206 2201 3276 ἀποπεφυκότων
2220 3208 2265 3260 Β

310 3284 375 3332 17
417 3276 746 3343 διανταίονς
772 3278 873 3347 μὲν
901 3279 1033 3340 τοὺς
1061 3277 1292 3333 ἄνωθεν
1323 3277 1623 3344 ὃιήκοντας
1649 3277 1742 3331 ἐπὶ
1776 3279 1919 3332 πολὺ
1958 3299 2011 3347 μ.
2036 3320 2047 3330 .
2070 3320 2081 3331 .
2108 3297 2265 3331 .νευ-

240 3384 434 3448 ρώδεις
460 3382 524 3437 δὲ
550 3385 681 3445 τοὺς
708 3384 971 3454 ἰσχυρούς
997 3383 1034 3437 i.
1054 3402 1127 3437 m.
1158 3384 1231 3436 B*
1259 3383 1349 3452 (cf.
1373 3383 1494 3437 Gal.
1518 3400 1714 3436 comm.
1738 3385 1861 3450 528)
1951 3366 2268 3449 προσφυέοι

237 3452 297 3519 Β,
327 3471 396 3507 se.
417 3454 506 3518 B⁸‚
528 3453 751 3522 -φυτέοι
768 3459 821 3506 Γ
890 3458 954 3506 18
977 3454 1233 3509 ἔνθακαὶ
1249 3453 1394 3508 ἔνθα
1413 3454 1465 3507 V
1540 3459 1603 3506 19
1626 3472 1948 3512 κοινωνιαις
1963 3456 2016 3504 Γ
2080 3449 2265 3519 κόσμω

238 3539 335 3589 pro
362 3523 506 3593 λόγω
537 3527 592 3577 Γ
704 3529 772 3577 20
810 3522 969 3585 ὅσαις
996 3528 1049 3575 Γ
1115 3523 1226 3585 οἶες
1263 3526 1318 3576 Γ
1383 3521 1587 3577 οἴοισιν
1626 3526 1679 3592 (ν
1716 3522 1821 3589 M')
1860 3521 2002 3583 MV,
2042 3533 2188 3572 οισιν
2218 3524 2271 3572 Γ
