2588 3876
352 120 479 184 132
861 122 1035 173 ΠΕΡΙ
1069 120 1361 173 ΑΡΘΡῼΝ
1397 120 1753 171 mom
1793 123 1857 171 12

350 284 563 368 φορὰς
620 285 951 366 γίνονται*
1023 285 1110 367 ἤν
1171 304 1242 347 τε
1307 290 1619 347 τοιοῦτον
1686 277 2071 366 ἐξάρθρημα
2134 278 2359 355 αὐτοὺς

348 390 682 475 καταλάβῃ
712 387 787 454 ἐν
814 397 891 473 τῇ
921 386 1156 473 γαστρὶ
1193 386 1452 472 ἐόντας,
1490 387 1605 453 διά
1630 410 1700 452 τε
1736 384 1966 473 ἑτέρην
2004 388 2357 471 συμφορήν,

348 494 500 582 περὶ
554 491 632 579 ἧς
675 495 961 581 ὕστερόν
1014 516 1173 561 ποτε
1221 495 1635 580 γεγράψεται.
1722 492 1887 579 ἀτὰρ
1941 491 2053 558 καὶ
2099 484 2232 557 οἷσι
2271 489 2359 556 ἔτι

349 604 647 685 νηπίοισι
703 601 888 667 ἐοῦσι
942 602 1107 667 κατὰ
1161 602 1283 685 τὴν
1337 602 1635 685 κεφαλὴν
1686 609 1807 666 τοῦ
1853 601 2205 686 βραχίονος
2254 600 2357 681 βα-

300 736 326 779 ι
351 715 538 774 θεῖαι
595 706 707 773 καὶ
759 708 1160 794 ὑποβρύχιοι
1219 706 1568 792 ἑκπυήσιες
1624 709 1955 791 γίνονται,
2020 704 2131 771 καὶ
2188 699 2358 771 οὗτοι

351 815 589 892 πάντες
633 814 1079 899 γαλιάγκωνες
1124 817 1427 899 γίνονται
1445 833 1460 849 ·
1506 812 1618 879 καὶ
1662 815 1749 898 ἢν
1791 837 1864 879 τε
1908 820 2253 899 τμηθῶσιν
2283 813 2360 895 ἤν

351 945 425 987 τε
459 927 810 987 καυθῶσιν
845 924 930 1006 ἤν
966 945 1037 986 τε
1074 921 1450 1006 αὐτόματόν
1487 937 1654 1005 σφιν
1689 919 1963 1007 ἐκραγῇ,
2010 914 2085 985 εὖ
2133 917 2359 986 εἰδέναι

351 1029 474 1114 χρὴ
536 1027 638 1093 ὅτι
696 1026 892 1093 ταῦθ’
939 1028 1149 1118 οὕτως
1204 1025 1355 1112 ἔχει.
1455 1034 1743 1114 χρῆσθαι
1796 1025 2025 1113 μέντοι
2077 1036 2157 1113 τῇ
2211 1022 2361 1111 χειρὶ

353 1137 808 1220 δυνατώτεροί
847 1136 1020 1200 εἰσιν
1075 1135 1140 1199 oz
1186 1132 1259 1199 ἐκ
1314 1144 1545 1219 γενεῆς
1592 1134 2066 1218 γαλιάγκωνες,
2122 1132 2203 1198 οὐ
2245 1133 2361 1216 μὴν

274 1270 327 1312 10
353 1242 514 1308 οὐδὲ
559 1241 805 1308 ἐκεῖνοί
846 1263 922 1325 γε
969 1239 1307 1308 ἀνατεῖναι
1360 1241 1540 1325 παρὰ
1592 1242 1667 1305 τὸ
1723 1235 1842 1318 οὖς
1896 1242 2015 1305 τὸν
2058 1241 2360 1325 βραχίονα

351 1347 829 1425 ἑκτανύσαντες
855 1348 975 1412 τὸν
992 1346 1256 1430 ἀγκῶνα
1282 1347 1627 1431 δύνανται,
1660 1345 1828 1412 ἀλλὰ
1853 1349 2026 1413 πολὺ
2058 1342 2359 1412 ἐνδεεστέ-

353 1479 485 1542 ρως
520 1455 562 1539 ἢ
596 1455 718 1538 τὴν
752 1453 911 1537 ὑγιᾶ
947 1465 1149 1541 χεῖρα.
1222 1445 1359 1520 οἷσι
1397 1452 1458 1518 δ’
1503 1452 1587 1519 ἂν
1622 1454 1750 1538 ἤδη
1789 1452 2119 1540 ἀνδράσιν
2154 1452 2360 1519 ἐοῦσιν

361 1560 597 1647 ἐκπέσῃ
646 1562 681 1627 ὁ
730 1556 903 1645 ὦμος
947 1559 1057 1626 καὶ
1101 1561 1188 1644 μὴ
1228 1560 1559 1647 ἐμβληθῇ,
1604 1561 1645 1644 ἡ
1688 1558 1932 1646 ἐπωμὶς
1978 1557 2358 1647 ἀσαρκοτέρη

357 1671 612 1752 γίνεται
656 1666 766 1733 καὶ
811 1667 851 1752 ἡ
911 1665 1043 1745 ἕξις
1097 1669 1297 1751 λεπτὴ
1351 1668 1517 1732 κατὰ
1560 1675 1756 1732 τοῦτο
1801 1668 1877 1732 τὸ
1932 1665 2161 1754 μέρος·
2222 1666 2361 1730 ὅταν

276 1801 327 1843 15
352 1774 581 1858 μέντοι
644 1775 1060 1860 οδυνωμενοι
1114 1774 1525 1858 παύσὼνται,
1591 1773 1806 1839 ὁπόσα
1862 1774 1986 1856 μὲν
2038 1774 2143 1842 δεῖ
2195 1771 2362 1857 ε’ργά-

358 1885 588 1962 ζεσθαι
649 1881 1017 1967 ἐπάραντας
1070 1882 1188 1947 τὸν
1242 1880 1509 1965 ἀγκῶνα
1557 1879 1690 1946 ἀπὸ
1743 1890 1880 1946 τῶν
1933 1879 2268 1968 πλευρέων
2308 1876 2363 1955 ἐς

356 1991 430 2054 τὸ
489 1989 805 2072 πλάγιον,
864 1996 1069 2053 ταῦτα
1126 1988 1250 2071 μὲν
1310 1988 1392 2053 οὐ
1455 1988 1776 2053 δύνανται
1831 1989 2090 2054 ἅπαντα
2146 1988 2364 2072 ὁμοίως

357 2093 779 2180 ἐργάζεσθαι·
847 2094 1059 2160 ὁπόσα
1123 2091 1198 2159 δὲ
1262 2096 1366 2160 δεῖ
1430 2092 1821 2181 ἐργάζεσθαι
1882 2093 2364 2181 παραφέροντας

357 2202 477 2266 τὸν
520 2202 844 2285 βραχίονα
880 2202 1057 2287 παρὰ
1094 2202 1208 2278 τὰς
1243 2202 1533 2286 πλευρὰς
1570 2199 1637 2278 ἐς
1671 2200 1965 2267 τούπίσω
2004 2202 2045 2286 ἢ
2082 2199 2149 2278 ἐς
2185 2200 2363 2283 τοῦμ-

279 2337 331 2376 80
358 2312 689 2393 προσθεν,
749 2316 955 2372 ταῦτα
1001 2307 1077 2372 δὲ
1121 2307 1444 2372 δύνανται
1492 2305 1910 2392 ἐργάζεσθαι·
1964 2306 2074 2373 καὶ
2130 2309 2252 2392 γὰρ
2294 2304 2365 2370 ἂν

258 2433 360 2482 116
381 2414 581 2500 ἀρίδα
625 2411 973 2479 ἕλκύσειαν
1017 2411 1127 2478 καὶ
1160 2411 1168 2499 Ι
1200 2415 1465 2499 πρίονα,
1512 2411 1624 2478 καὶ
1668 2403 2101 2499 πελεκῆσειαν
2146 2413 2230 2479 ἂν
2269 2407 2365 2477 καὶ

501 2577 529 2626 1
570 2570 641 2639 ἥν
676 2591 736 2626 τε
767 2614 778 2625 .
811 2614 822 2625 .
857 2614 868 2625 .
898 2569 1240 2641 γεγράψεται
1277 2587 1384 2625 om.
1428 2574 1482 2624 Γ
1545 2571 1679 2639 post
1713 2590 1772 2626 τε
1810 2570 1938 2625 add.
1978 2590 2033 2625 τι
2058 2570 2112 2626 V
2220 2576 2249 2623 2
2285 2567 2367 2622 ἅλ-

359 2647 460 2712 λην
486 2659 589 2712 pro
619 2643 692 2698 ἑτ.
721 2642 774 2697 V
845 2643 1013 2711 ξυμφ.
1044 2641 1177 2708 BV,
1217 2659 1262 2696 σ.
1292 2641 1443 2712 vulg.
1556 2647 1588 2694 3
1628 2638 1775 2697 οἶσιν
1802 2641 1855 2696 V
1926 2659 2075 2697 εστιν
2112 2642 2158 2694 Β
2176 2642 2210 2709 ¹,
2245 2656 2364 2695 corr.

359 2715 449 2803 23³,
489 2715 600 2769 ἔστι
640 2718 694 2768 Γ
856 2720 889 2767 4
927 2710 1213 2782 νηπίοισιν
1248 2712 1302 2767 V
1349 2709 1622 2804 ''fipocxloet
1648 2712 1716 2780 V,
1754 2714 1961 2815 βαθιαι
2002 2717 2056 2767 Γ
2141 2785 2153 2796 .
2209 2718 2240 2766 6
2283 2710 2368 2811 “⁰⁶2²

360 2805 433 2910 Εἴ
444 2827 514 2910 42·
539 2787 870 2910 ιέῗὸῗθᾩ)
900 2788 1309 2910 Οὲιξῦωὸὴῗ
1337 2803 1497 2925 Ζζέξῗ
1524 2788 1696 2909 ’ἑῖὲἓῑ
1728 2784 1902 2908 ⁰¹²²?
1914 2782 2368 2910 ειῖἰῖιξαῗιῗή

505 2932 569 2979 11
608 2926 788 2981 πουλὺ
825 2927 925 2995 B¹‚
971 2927 1108 2980 mut.
1157 2927 1218 2980 in
1252 2927 1397 2981 πολὺ
1434 2925 1509 2978 13⁸
1655 2931 1719 2979 12
1770 2924 1933 2996 ὑγιέα
1970 2926 2023 2981 V
2096 2923 2180 2989 οἷς
2212 2927 2306 2994 Ap.

364 3003 429 3050 13
468 2996 499 3050 ὀ
537 3014 643 3050 om.
681 2998 785 3065 Ap.
879 2996 915 3066 ἡ
964 3015 1069 3051 om.
1114 3000 1168 3051 Γ
1307 3002 1374 3051 14
1422 2994 1562 3068 yiyv.
1610 2997 1656 3049 B
1747 2996 1869 3065 ὶξις,
1905 2998 1942 3050 i.
1982 3016 2055 3051 m.
2107 2997 2227 3064 ἕξις,
2267 2998 2313 3049 Γ

360 3068 492 3137 post
535 3068 701 3137 λεπτὴ
737 3067 865 3121 add.
906 3066 941 3136 ἢ
978 3067 1031 3122 V
1100 3068 1163 3122 τὸ
1201 3068 1367 3138 μέρος
1403 3086 1509 3122 om.
1549 3068 1707 3135 B1V,
1756 3085 1825 3121 se.
1865 3068 1954 3134 B⁸,
1992 3069 2056 3123 τὸ
2095 3066 2364 3138 μέρος...

363 3138 687 3208 ἐργάζονται
716 3141 858 3208 (133,
881 3141 933 3207 2)
973 3156 1079 3193 om.
1122 3143 1176 3193 Γ
1278 3145 1343 3193 15
1386 3138 1467 3194 ὁκ.
1507 3139 1667 3193 codd.
1781 3145 1864 3194 16.
1906 3145 1973 3193 17
2012 3139 2093 3201 εἰς
2118 3139 2183 3205 V,
2222 3152 2367 3206 super

361 3208 475 3263 πλοὶ
514 3251 525 3262 .
564 3226 632 3262 ss,
674 3229 791 3263 ανω
829 3209 904 3261 B⁸
1048 3215 1116 3263 17
1154 3211 1257 3264 οὐν
1294 3211 1396 3277 13¹,
1453 3227 1588 3265 corr.
1627 3210 1712 3263 Β8
1792 3210 2021 3265 ἅπαντα
2058 3227 2161 3265 om.
2201 3210 2243 3264 Β

366 3284 433 3333 18
505 3299 553 3333 κ.
593 3278 656 3333 δὲ
693 3281 743 3332 δ.
783 3280 825 3334 ἐ.
866 3297 972 3333 om.
1012 3280 1109 3346 B1,
1159 3279 1242 3335 ὁκ.
1281 3282 1345 3335 δὲ
1383 3282 1418 3335 i.
1448 3300 1520 3335 m.
1561 3281 1636 3334 B⁸
1708 3280 1790 3336 ὁκ.
1830 3282 1990 3336 codd.
2139 3287 2202 3335 19
2246 3278 2368 3346 πρὸς

362 3367 465 3419 pro
512 3348 668 3416 παρὰ
703 3349 756 3402 V
870 3352 1001 3418 poss,
1036 3354 1220 3419 πλευρ.
1262 3352 1392 3407 add.
1429 3351 1465 3420 ἢ
1501 3352 1555 3407 V
1708 3359 1774 3406 21
1815 3352 2088 3424 ἑλκύσηαν
2124 3352 2212 3421 B1,
2246 3350 2363 3404 mut.

363 3423 425 3474 in
470 3420 694 3476 ἑλκύσαι
740 3416 812 3473 ἂν
849 3420 946 3489 B⁸,
1003 3442 1153 3477 -αιεν
1189 3422 1242 3477 V
1351 3427 1710 3494 πελεκησειαν
1747 3425 1822 3477 Βι
1858 3442 1961 3495 pro
1998 3444 2055 3480 π.
2096 3422 2192 3491 ἂν,
2245 3420 2363 3476 mut.

365 3492 427 3545 in
462 3508 583 3546 -σαι
622 3487 694 3544 ἂν
722 3489 821 3558 B',
859 3511 1010 3546 -αιεν
1036 3492 1089 3547 V
