2588 3876
322 141 453 205 118
717 133 728 145 ’
806 144 980 194 ΠΕΡΙ
1013 142 1304 195 ΑΡΘΡΩΝ
1339 144 1697 195 mom
1735 147 1782 196 6.
1816 148 1844 195 τ

319 304 632 387 ναγκάσει
690 305 814 387 τὴν
872 306 1170 388 κεφαλὴν
1227 313 1349 369 τοῦ
1410 308 1763 390 βραχίονος
1825 303 1891 382 ές
1948 306 2072 388 τὴν
2132 305 2349 388 φύσιν

318 410 599 476 ἀπιέναι.

456 518 513 580 7.
560 520 896 602 Κρατίστη
951 516 1178 602 μέντοι
1232 517 1500 583 πασέων
1553 529 1689 583 τῶν
1743 516 2080 602 ε’μβολέων
2123 518 2164 602 ἡ
2211 541 2351 582 τοι-

317 624 463 707 ἥδε·
525 619 730 699 ξύλον
775 625 899 710 χρὴ
946 618 1116 688 εἶναι
1171 625 1419 701 πλάτος
1478 620 1599 708 μὲν
1658 624 1745 701 ὡς
1805 625 2350 689 πενταδάκτυλον

266 729 360 814 εῆ
405 730 932 816 τετραδάκτυλον
976 731 1049 795 τὸ
1096 729 1369 813 ἐπίπαν,
1423 732 1631 815 πάχος
1686 730 1761 796 δὲ
1805 730 1894 808 ὡς
1940 731 2351 795 ὃιδάκτυλον

318 835 359 919 ἢ
406 834 516 901 καὶ
562 839 979 921 λεπτότερον,
1025 844 1233 921 μῆκος
1279 833 1355 901 δὲ
1401 837 1646 922 δίπηχυ
1693 837 1734 921 ἢ
1779 836 1983 925 ὀλίγῳ
2029 834 2348 902 ἔλασσον·

319 946 482 1008 ἔστω
532 942 589 1007 δ’
646 942 754 1008 ἐπὶ
799 945 1052 1029 θάτερα
1088 945 1162 1008 τὸ
1210 945 1419 1030 ἄκρον
1463 939 1816 1031 περιφερὲς
1870 942 1979 1008 καὶ
2036 945 2348 1008 στενότα-

318 1074 439 1115 τον
483 1050 684 1135 ταύτῃ
732 1049 842 1115 καὶ
889 1053 1316 1115 λεπτότατον·
1381 1052 1601 1136 άμβην
1649 1047 1722 1116 δὲ
1768 1049 1962 1136 ἐχέτω
2009 1050 2295 1136 σμικρὸν
2336 1046 2344 1134 Ι
2444 1119 2454 1128 ‚

216 1171 284 1219 90
320 1155 776 1242 ὑπερέχουσαν
832 1155 938 1222 ἐπὶ
992 1164 1084 1243 τῷ
1138 1156 1397 1243 ὑστάτῳ
1453 1167 1574 1222 τοῦ
1633 1155 2025 1244 περιφερέος
2087 1155 2196 1222 ἐπὶ
2262 1163 2357 1243 τῷ

239 1289 291 1329 10
317 1262 501 1348 μέρει
557 1265 645 1348 μὴ
699 1271 792 1350 τῷ
856 1264 1022 1347 πρὸς
1075 1265 1190 1340 τὰς
1245 1264 1563 1350 πλευράς,
1627 1262 1796 1329 ἀλλὰ
1857 1271 1950 1351 τῷ
2002 1264 2172 1349 πρὸς
2220 1263 2351 1345 τὴν

317 1371 617 1453 κεφαλὴν
677 1379 798 1434 τοῦ
863 1371 1218 1455 βραχίονος
1280 1367 1535 1454 ἔχοντι,
1599 1371 1688 1447 ὡς
1748 1370 2201 1456 ὑφαρμόσειεν
2266 1379 2347 1456 τῆ

316 1477 612 1561 μασχάλῃ
688 1477 866 1562 παρὰ
939 1478 1053 1553 τὰς
1124 1478 1417 1561 πλευρὰς
1477 1477 1611 1543 ὑπὸ
1675 1478 1798 1561 τὴν
1858 1477 2158 1561 κεφαλὴν
2217 1484 2348 1541 τοῦ

316 1584 672 1667 βραχίονος
736 1583 1244 1667 ὑποτιθέμενον.
1336 1582 1591 1671 ὀθονίῳ
1656 1579 1732 1647 δὲ
1796 1583 1837 1668 ἢ
1899 1586 2118 1669 ταινίῃ
2181 1588 2352 1666 μαλ-

314 1694 492 1774 θακῇ
553 1692 1147 1774 κατακεκολλήσθω
1209 1691 1419 1774 ἄκρον
1477 1691 1550 1754 τὸ
1611 1688 1844 1773 ξύλον,
1905 1690 2081 1767 ὅπως
2140 1705 2351 1776 προσ-

237 1819 290 1861 15
317 1794 675 1881 ηνέστερον
720 1788 780 1882 ᾗ.
871 1793 1094 1861 ἔπειτα
1138 1798 1263 1889 χρὴ
1308 1796 1671 1861 ὑπώσαντα
1714 1797 1836 1880 τὴν
1880 1797 2179 1881 κεφαλὴν
2217 1805 2350 1861 τοῦ

316 1898 519 1979 ξύλου
587 1902 718 1968 ὑπὸ
783 1904 903 1986 τὴν
965 1903 1309 1988 μασχάλην
1371 1903 1459 1980 ὡς
1521 1902 1821 1969 ἐσωτάτω
1892 1905 2145 1988 μεσηγὺ
2207 1913 2351 1969 τῶν

314 2009 657 2093 πλευρέων
692 2008 804 2074 καὶ
841 2020 956 2093 τῆς
992 2015 1282 2094 κεφαλῆς
1319 2018 1441 2076 τοῦ
1479 2013 1856 2097 βραχίονος,
1901 2011 2025 2093 τὴν
2065 2006 2140 2075 δὲ
2178 2009 2351 2093 ὅλην

316 2126 504 2202 χεῖρα
537 2117 704 2200 πρὸς
739 2117 813 2181 τὸ
851 2115 1056 2195 ξύλον
1091 2120 1563 2201 κατατείναντα
1606 2118 2141 2204 προσκαταδῆσαι
2177 2118 2352 2182 κατά

314 2244 385 2286 τε
422 2223 542 2287 τὸν
586 2224 909 2309 βραχίονα
954 2225 1118 2288 κατά
1161 2247 1232 2289 τε
1276 2225 1397 2288 τὸν
1442 2234 1660 2308 πῆχυν
1706 2224 1869 2289 κατά
1913 2247 1983 2288 τε
2030 2224 2147 2288 τὸν
2184 2247 2350 2307 καρ-

237 2356 292 2396 so
317 2329 449 2394 πὸν
493 2338 607 2414 τῆς
651 2332 889 2414 χειρός,
936 2330 1025 2407 ὡς
1080 2330 1325 2417 ἀτρεμῇ
1373 2330 1474 2395 ὅτι
1520 2331 1817 2413 μάλιστα.
1899 2328 2053 2415 περὶ
2096 2331 2353 2407 παντὸς

316 2432 390 2500 δὲ
437 2438 559 2520 χρὴ
604 2427 969 2520 ποιεῖσθαι,
1018 2436 1197 2513 ὅπως
1249 2438 1325 2501 τὸ
1373 2438 1582 2523 ἄκρον
1626 2446 1747 2502 τοῦ
1794 2436 1999 2516 ξύλου
2048 2436 2135 2513 ὡς
2181 2434 2352 2501 ἔσω·
2411 2516 2418 2523 .

313 2544 482 2608 τάτω
537 2552 653 2627 τῆς
706 2544 1040 2627 μασχάλης
1096 2545 1308 2626 ἔσται,
1365 2544 1816 2628 ὑπερβεβηκὸς
1869 2546 1992 2628 τὴν
2046 2543 2353 2627 κεφαλὴν

457 2741 488 2788 3
525 2734 732 2803 τρόπος
768 2735 1060 2803 κράτιστος
1097 2735 1123 2790 ἐ
1163 2736 1331 2805 βολῆς
1367 2734 1520 2805 ὤμου
1556 2735 1617 2789 in
1652 2735 1740 2789 tit.
1780 2735 1840 2788 M
1912 2736 1987 2789 ad
2015 2734 2169 2805 κράτ.
2197 2734 2238 2788 i.
2269 2753 2347 2789 m.

315 2806 527 2877 ἰσχυρει
563 2806 637 2859 B'
725 2815 837 2863 τῶν
875 2823 980 2861 om.
1020 2755 1162 2860 fob
1229 2804 1265 2874 ὴ
1306 2823 1413 2860 om.
1452 2811 1505 2861 Γ
1642 2813 1677 2860 4
1715 2806 1880 2871 ξύλον
1913 2850 1923 2860 .
1957 2849 1968 2860 .
2003 2850 2012 2860 .
2042 2803 2352 2878 βραχίονος

316 2878 459 2947 (119,
492 2879 543 2947 1)
583 2894 690 2932 om.
729 2881 782 2932 Γ
901 2884 933 2932 6
970 2874 1006 2945 ἢ
1043 2877 1140 2932 alt.
1180 2894 1288 2932 om.
1328 2878 1374 2931 B
1446 2875 1482 2945 ἢ
1518 2877 1617 2931 καὶ
1654 2876 1731 2931 ὄλ.
1761 2877 1927 2946 VAp.
2050 2883 2080 2931 ’1
2119 2878 2182 2932 δὲ
2218 2877 2350 2933 MV

384 2947 450 3000 τὸ
487 2964 593 3002 om.
632 2948 737 3016 Ap.
882 2955 915 3002 8
953 2969 1065 3017 μικ.
1102 2948 1339 3018 MVAp.
1487 2954 1518 3001 9
1567 2946 1740 3018 ὑπερέ
1774 2966 1913 3004 ουσα
1949 2948 2054 3018 Ap.
2130 2948 2190 3003 ἐσ
2224 2947 2349 3023 άτφ

313 3018 417 3087 Ap.
502 3019 562 3073 ἐν
599 3036 700 3089 pro
739 3018 917 3074 altero
946 3020 1039 3075 ἐπὶ
1066 3019 1303 3089 MVAp.
1433 3025 1498 3073 11
1536 3020 1734 3089 ὑφαρμ
1769 3037 1800 3074 σ
1864 3021 1925 3075 ἐν
1952 3040 2000 3074 τ.
2031 3020 2151 3074 cod.
2233 3037 2349 3074 ose.

314 3088 464 3154 Wb.,
503 3106 641 3144 -σειε
669 3090 721 3144 V
866 3096 932 3143 13
979 3090 1388 3161 ὑποτιθέμενος
1425 3091 1511 3153 M.
1559 3088 1755 3159 -μένης
1917 3092 1921 3096 “
1987 3096 2069 3144 13.
2111 3097 2178 3145 14
2212 3094 2353 3159 post

314 3163 484 3229 μαλθ.
524 3160 653 3213 add.
693 3160 839 3231 ἁπλῇ
882 3161 988 3229 Ap.
1128 3168 1194 3216 14
1230 3162 1412 3231 ἄκρην
1448 3162 1569 3215 MV
1650 3160 1915 3231 α”κρωθεν
1941 3182 2018 3216 τω
2056 3162 2195 3227 ξυλω
2233 3161 2350 3232 Ap.

388 3227 469 3285 ὄκ.
498 3230 619 3284 MV
750 3237 812 3284 15
853 3225 888 3303 ᾖ
925 3248 1031 3285 om.
1070 3231 1160 3299 B1,
1208 3250 1277 3286 ss.
1317 3233 1408 3299 B⁸,
1456 3233 1517 3302 ἔη
1554 3231 1675 3285 MV
1802 3232 2018 3295 16,ὑπὸ
2055 3253 2101 3287 τ.
2140 3254 2194 3302 μ.
2233 3249 2354 3288 om.

314 3301 419 3369 Ap.
561 3307 624 3354 17
666 3300 728 3357 δὲ
765 3318 872 3355 om.
910 3302 1014 3370 Ap.
1129 3300 1260 3372 ὅλην
1300 3321 1437 3358 corr.
1476 3320 1545 3357 ex
1582 3305 1753 3373 αλλην
1789 3304 1834 3357 Β
1974 3309 2040 3358 18
2087 3302 2354 3359 κατατεί-

315 3391 490 3428 νοντα
527 3372 631 3458 Ap.
778 3377 847 3429 20
894 3375 1025 3426 ante
1063 3374 1183 3462 ἀτρ.
1224 3374 1352 3428 add.
1394 3372 1467 3430 ἂν
1503 3374 1641 3441 MV,
1688 3392 1795 3428 om.
1834 3375 1996 3445 BAp.
2106 3374 2354 3448 ἀτρεμέῃ

315 3442 477 3497 codd.
591 3460 674 3495 οτι
711 3458 818 3494 om.
866 3443 971 3512 Ap.
1081 3446 1204 3513 μαλ.
1253 3445 1316 3500 δὲ
1364 3464 1419 3499 π.
1468 3464 1526 3500 π.
1564 3446 1667 3516 χρὴ
1704 3465 1762 3500 π.
1801 3445 1906 3515 Ap.
2054 3453 2120 3500 21
2168 3442 2353 3502 ποιέε.

316 3513 477 3567 codd.
554 3509 635 3566 ὅκ.
675 3511 795 3565 MV
