2588 3876
658 157 833 207 ΠΕΡΙ
867 155 1159 208 ΑΡΘΡΩΝ
1193 155 1553 206 ΕΜΪΒΟΑΗΣ
1590 159 1656 206 51
2038 152 2164 217 189

156 318 546 400 πλειστάκις,
593 317 660 393 ἐς
706 313 782 382 δὲ
826 318 902 382 τὸ
949 315 1070 394 ἔξω
1109 329 1245 382 τῶν
1279 319 1503 382 ἄλλων
1537 317 1940 399 πλειστάκις,
1987 314 2053 391 ἐς
2091 312 2165 380 δὲ

156 425 225 489 τὸ
271 425 547 489 ὄπισθεν
590 423 701 489 καὶ
757 425 831 489 τὸ
886 421 1270 509 ἔμπροσθεν
1315 422 1611 489 ἐκπίπτει
1662 423 1814 508 με’ν,
1871 422 2168 506 ὀλιγάκις

157 529 240 595 δέ.
320 531 626 597 ὁπόσοισι
670 527 794 613 μὲν
839 525 967 597 οὖν
1011 530 1096 596 ἂν
1131 529 1200 607 ἐς
1244 533 1319 596 τὸ
1358 534 1484 596 ἔσω
1521 528 1711 616 ἐκβῇ,
1757 533 2168 614 μακρότερον

155 639 223 703 τὸ
277 638 506 715 σκέλος
561 641 867 721 φαίνεται
924 640 1520 723 παραβαλλόμενον.
1567 639 1735 721 πρὸς
1786 639 1863 703 τὸ
1918 635 2167 722 ἕτερον,

156 745 261 808 διὰ
306 745 537 820 δισσὰς
572 744 949 829 προφάσιας
994 746 1287 821 εἰκότως·
1351 743 1467 810 ἐπί
1494 767 1565 809 τε
1601 746 1727 829 γὰρ
1763 744 1839 808 τὸ
1879 743 2007 809 άπὸ
2044 753 2167 809 τοῦ
2224 770 2248 810 ⁵

156 852 365 935 ἰσχίου
428 852 730 936 πεφυκὸς
784 850 1019 917 ὀστέον
1071 852 1146 916 τὸ
1209 853 1347 917 ἅνω
1397 854 1778 936 φερόμενον
1829 852 1997 935 πρὸς
2047 851 2171 916 τὸν

155 957 368 1041 κτένα,
430 958 538 1024 ἐπὶ
592 967 790 1023 τοῦτο
837 958 877 1041 ἡ
925 956 1223 1041 ἐπίβασις
1275 967 1392 1042 τῆς
1442 964 1734 1041 κεφαλῆς
1785 966 1907 1023 τοῦ
1952 966 2169 1041 μηροῦ

156 1068 425 1148 γίνεται,
491 1064 601 1129 καὶ
665 1065 701 1129 6
745 1054 979 1150 ἀὐχὴν
1041 1074 1162 1131 τοῦ
1219 1067 1484 1150 ἄρθρου
1544 1063 1653 1129 ἐπὶ
1712 1073 1828 1146 τῆς
1888 1064 2173 1147 κοτύλης

157 1171 421 1256 ὀχεῖται·
488 1168 743 1249 ἔξωθέν
787 1195 856 1237 τε
903 1167 987 1237 αὗ
1034 1172 1070 1238 6
1109 1172 1391 1255 γλουτὸς
1427 1178 1651 1248 κοῖλος
1688 1173 2012 1255 φαίνεται,
2059 1171 2173 1236 ἅτε

156 1275 275 1342 ἔσω
324 1279 615 1364 ρεψάσης
658 1288 774 1362 τῆς
818 1284 1107 1363 κεφαλῆς
1151 1288 1273 1344 τοῦ
1320 1288 1568 1363 μηροῦ,
1621 1281 1699 1343 τό
1756 1301 1822 1342 τε
1878 1272 1962 1342 αὗ
2008 1277 2172 1342 κατὰ
2201 1307 2254 1346 10

156 1384 221 1449 τὸ
267 1388 437 1467 γόνυ
483 1394 607 1450 τοῦ
644 1395 859 1471 μηροῦ
907 1387 1115 1471 ἄκρον
1150 1385 1577 1468 ἀναγκάζεται
1623 1383 1742 1463 ἔξω
1792 1384 2018 1470 ῥέπειν
2063 1381 2172 1448 καὶ

154 1490 191 1574 ἡ
233 1493 448 1576 κνήμη
494 1489 606 1556 καὶ
652 1492 688 1558 6
733 1494 904 1568 ποὺς
949 1493 1278 1569 ὡσαύτως.
1358 1494 1472 1557 ἅτε
1517 1486 1644 1557 οὖν
1688 1490 1809 1569 ἔξω
1858 1491 2175 1577 ῥέποντος

47 1608 48 1611 ’
155 1607 269 1662 τοῦ
314 1599 553 1682 ποδός,
602 1599 667 1664 οὶ
716 1597 931 1684 ἰητροὶ
970 1596 1055 1664 δι’
1105 1598 1413 1685 ἀπειρίην
1447 1599 1568 1663 τὸν
1602 1599 1762 1681 ὑγιᾶ
1796 1599 1974 1663 πόδα
2008 1597 2175 1682 πρὸς

154 1714 390 1770 τοῦτον
444 1707 955 1789 προσίσχουσιν,
1012 1704 1153 1771 ἀλλ’
1199 1706 1281 1770 οὐ
1327 1714 1571 1771 τοῦτον
1623 1704 1790 1790 πρὸς
1842 1706 1964 1770 τὸν
1999 1704 2174 1786 ὑγιᾶ.

158 1811 262 1876 διὰ
302 1820 507 1878 τοῦτο
556 1814 730 1877 πολὺ
775 1814 1185 1897 μακρότερον
1239 1814 1547 1895 φαίνεται
1600 1811 1675 1875 τὸ
1730 1810 2009 1895 σιναρὸν
2054 1818 2173 1874 τοῦ
2204 1838 2255 1879 1⁵

47 1943 48 1950 ¹
157 1917 395 2001 ὑγιέος.
468 1924 765 2006 πολλαχῇ
795 1915 868 1984 δὲ
902 1915 909 2007 Ι
941 1917 1050 1985 καὶ
1089 1919 1253 2004 ἄλλῃ
1290 1919 1372 1984 τὰ
1396 1926 1672 1984 τοιαῦτα
1706 1917 2159 2003 παρασύνεσιν
2177 1936 2282 1986 226

156 2021 298 2109 ἔχει.
390 2025 471 2090 οὐ
531 2028 664 2110 μὴν
722 2026 883 2091 οὐδὲ
950 2027 1399 2110 συγκάμπτειν
1459 2026 1780 2091 δύνανται
1836 2025 2000 2090 κατὰ
2055 2025 2177 2089 τὸν

157 2133 469 2216 βουβῶνα
514 2133 758 2217 ὁμοίως
803 2140 894 2220 τῷ
939 2133 1132 2216 ὑγιεῖ.
1222 2132 1387 2218 ἀτὰρ
1441 2131 1553 2197 καὶ
1597 2132 1940 2217 ψαυομένη
1985 2131 2027 2215 ἡ
2073 2154 2180 2196 κε-

160 2241 330 2323 φαλὴ
394 2247 518 2303 τοῦ
582 2248 799 2324 μηροῦ
862 2241 1039 2325 παρὰ
1110 2239 1228 2305 τὸν
1300 2242 1610 2324 περίνεον
1680 2238 2179 2324 ὑπερογκέουσα

159 2345 436 2429 εὔδηλός
479 2343 635 2411 ἐστι.
716 2347 799 2410 τὰ
842 2345 965 2430 μὲν
1002 2340 1129 2412 οὖν
1176 2355 1411 2430 σημεῖα
1453 2345 1660 2411 ταῦτά
1704 2344 1907 2428 ἐστιν,
1954 2337 2056 2422 οἷς
2093 2344 2179 2410 ἂν
2206 2375 2259 2414 20

157 2446 279 2516 ἔσω
328 2449 709 2536 ἐκπεπτώκῃ
756 2452 792 2517 6
838 2455 1062 2538 μηρός.

297 2613 348 2662 1.
369 2613 402 2661 2
442 2608 501 2663 ἐκ
540 2608 603 2662 δὲ
630 2617 730 2663 τοῦ
760 2607 805 2662 ὅ.
837 2610 934 2663 καὶ
967 2618 1067 2664 τοῦ
1105 2610 1146 2665 ἔ.
1176 2610 1223 2663 Β
1293 2629 1454 2663 τουπ.
1484 2610 1542 2663 et
1577 2629 1732 2677 τουμ.
1762 2611 1815 2661 Γ
1918 2614 1950 2661 2
1987 2609 2086 2662 καὶ
2112 2608 2175 2662 τὸ

162 2678 313 2747 ἔματρ.
347 2695 452 2733 om.
473 2679 580 2748 Ap.
691 2685 723 2733 3
763 2677 905 2742 ὅκως
933 2678 1044 2735 οῖσι
1062 2681 1134 2747 Β,
1174 2679 1330 2735 ὁπόσ.
1353 2680 1568 2750 scripsi,
1597 2677 1921 2745 οῖσιΜἾΓ,
1961 2678 2051 2747 οἴη
2070 2678 2175 2748 Ap.

227 2749 329 2805 ἐὰν
358 2753 421 2818 Γ,
461 2767 567 2805 om.
598 2751 702 2819 Ap.
806 2751 939 2822 ἐκβῆ
978 2750 1034 2813 ἐς
1069 2753 1132 2807 τὸ
1171 2751 1298 2805 εἴσω
1328 2751 1448 2805 MV
1540 2753 1669 2820 post
1705 2750 1811 2805 ἔσω
1850 2751 1978 2805 add.
2016 2748 2181 2819 μέρος

160 2821 328 2890 Aps
449 2826 481 2874 5
520 2820 747 2885 εἰκότως
769 2865 779 2875 .
803 2865 814 2876 .
838 2865 849 2875 .
871 2831 1050 2892 μηροῦ
1080 2827 1154 2893 (7)
1184 2825 1242 2876 et
1268 2824 1529 2884 ὡσαύτως
1550 2865 1560 2875 .
1585 2865 1595 2875 .
1620 2865 1631 2876 .
1653 2820 1837 2891 ὑγιέος
1889 2825 1976 2890 16)
2004 2837 2110 2874 om.
2131 2825 2184 2875 Γ

264 2898 295 2944 6
334 2892 397 2947 τὸ
436 2891 555 2946 ἄνω
594 2909 700 2947 om.
732 2893 784 2947 V
875 2893 966 2948 ἐπὶ
994 2910 1095 2964 pro
1123 2894 1267 2963 πρὸς
1283 2895 1389 2963 Ap.
1520 2900 1548 2948 7
1586 2892 1865 2947 τούτουΜ
1927 2936 1941 2959 ,
1978 2901 2179 2947 τοῦτον

161 2963 260 3032 Ap.
352 2972 453 3017 τοῦ
489 2971 667 3033 μηροῦ
704 2983 751 3017 τ.
789 2986 837 3018 κ.
876 2965 982 3034 Ap.
1111 2971 1143 3018 9
1182 2964 1321 3037 ὀχέε.
1361 2965 1520 3020 codd.
1623 2964 1797 3017 αὐτοῦ
1826 2963 1856 3017 6
1885 2966 1964 3032 γλ.
1992 2984 2182 3026 κοινος

162 3032 262 3102 ΑΡ.
369 3039 435 3087 10
464 3033 592 3089 εἴσω
620 3034 741 3088 MV
814 3036 917 3090 ἔσω
946 3036 1043 3091 ἅτε
1068 3037 1174 3105 Ap.
1248 3035 1311 3091 τό
1339 3056 1398 3091 τε
1426 3037 1576 3089 ἀῦτῶ
1609 3056 1657 3104 γ.
1687 3055 1730 3088 τ.
1762 3055 1815 3104 μ.
1846 3035 2043 3104 ἀναγκ.
2073 3036 2180 3105 Ap.

233 3109 298 3158 12
328 3113 470 3167 ποῦς
495 3107 561 3159 ut
588 3104 705 3159 fere
725 3105 869 3160 solet
885 3106 937 3161 V
1047 3112 1112 3161 13
1142 3106 1198 3161 οἱ
1227 3123 1331 3160 om.
1353 3108 1400 3161 B
1473 3105 1632 3176 ὑγιέα
1648 3108 1889 3173 utroquo
1916 3105 2041 3159 loco
2061 3105 2183 3161 MV

482 3183 590 3244 φεῦ
627 3184 726 3245 τῆς
761 3175 1025 3247 κακίστης
1061 3177 1123 3235 ἐν
1160 3178 1350 3241 νόσοις
1386 3175 1672 3247 ἑμπειρίης

482 3244 708 3317 ἀπειρίη
747 3248 853 3318 γὰρ
892 3249 1084 3320 ἄλγιον
1120 3247 1503 3319 ληιστουργίης
1689 3248 1727 3302 i.
1764 3267 1839 3302 m.
1876 3247 1977 3301 inf.
2016 3248 2075 3301 M

168 3319 233 3368 16
260 3316 399 3371 ἄλλα
419 3321 472 3371 Γ
537 3319 740 3387 παραξ.
761 3319 838 3387 Μ,
866 3321 1023 3389 παρὰ
1051 3321 1095 3386 ξ.
1117 3320 1169 3374 V
1278 3325 1344 3374 17
1384 3316 1450 3375 οὗ
1479 3319 1544 3375 δὲ
1571 3319 1681 3390 μὴν
1699 3318 1820 3373 MV
1892 3319 2043 3387 ξυγκ.
2065 3318 2186 3374 MV

233 3387 476 3478 δύναται
493 3388 553 3441 Μ
627 3395 694 3444 18
723 3390 865 3459 ἀτὰρ
883 3393 1008 3446 καὶ.
1033 3435 1044 3444 .
1065 3435 1075 3446 .
1093 3392 1348 3463 ἀμεληθῇ
1369 3395 1441 3461 (p.
1462 3396 1581 3458 190,
1595 3394 1648 3461 2)
1669 3408 1775 3446 om.
1797 3394 1850 3444 Γ
1946 3396 2010 3443 19
2039 3390 2186 3444 κατὰ

167 3474 279 3582 εει
295 3458 598 3598 ww
668 3461 1069 3587 21222ss30fi2÷32
1097 3460 2183 3601 *}{ss..23.1:....fflvv⁶‘{⁶13.3?.‡1⁰Ap.
