2588 3876
685 166 861 215 ΠΕΡΙ
894 164 1187 217 ΑΡΘΡΩΝ
1222 165 1583 217 ΕΜΒΟΛΗΣ
1620 168 1688 215 43
2069 163 2194 227 169

208 319 302 385 καὶ
332 324 521 388 ἔνθεν
554 322 665 389 καὶ
701 321 906 390 ἔνθεν
940 324 982 408 ἢ
1022 325 1184 391 ὅσον
1219 323 1306 389 ἂν
1341 327 1415 389 τὸ
1455 334 1638 406 σῶμα
1673 334 1794 390 τοῦ
1832 324 2196 411 ἀνθρώπου

206 429 501 513 κατάσχοι.
599 433 820 496 ἔπειτα
889 430 1009 495 τὸν
1081 432 1450 518 ἄνθρωπον
1511 430 1753 496 ὕπτιον
1815 436 2200 497 κατακλῖναι

206 531 295 599 ἐπὶ
339 537 452 619 τὴν
502 540 782 619 κλίμακα
840 538 964 624 χρὴ
1020 536 1131 603 καὶ
1172 539 1395 602 ἔπειτα
1448 538 1822 624 προσδῆσαι
1866 539 1989 620 μὲν
2043 540 2201 613 τοὺς

202 641 382 718 πόδας
411 643 586 729 παρὰ
621 645 702 708 τὰ
738 646 964 730 σφυρὰ
993 645 1158 730 πρὸς
1192 645 1318 728 τὴν
1353 645 1636 725 κλίμακα
1670 645 1759 728 μὴ
1799 645 2201 727 ὃιαβεβῶτας

201 745 392 834 δεσμῷ
417 749 622 837 εὐόχῳ
658 748 802 833 μέν,
838 755 1158 836 μαλθακῷ
1187 749 1293 815 δέ·
1330 753 1707 836 προσδῆσαι
1745 746 1820 815 δὲ
1856 749 2197 836 κατωτέρω

200 848 479 940 ἑκάτερον
534 865 673 920 τῶν
730 857 1082 940 γουνάτων
1136 854 1248 921 καὶ
1305 855 1640 943 ἀνωτέρω,
1695 857 2068 943 προσὸῆσαι
2123 853 2198 921 δὲ

198 955 292 1022 καὶ
347 962 505 1025 κατὰ
567 964 648 1027 τὰ
715 963 917 1047 ἰσχία·
979 964 1146 1027 κατὰ
1203 959 1278 1027 δὲ
1341 966 1498 1040 τοὺς
1560 972 1888 1039 κενεῶνας
1950 963 2059 1027 καὶ
2124 963 2197 1027 τὸ

199 1071 419 1147 στῆθος
444 1071 696 1154 χαλαρῇ
724 1072 942 1154 ταινίῃ
987 1072 1376 1154 περιβαλεῖν
1422 1068 1651 1153 οὕτως,
1694 1067 1870 1145 ὅπως
1912 1070 2001 1152 μὴ
2043 1066 2197 1155 κω-Ι

2254 777 2280 816 5

198 1170 362 1236 λύσει
396 1174 518 1258 τὴν
557 1175 963 1240 κατάσεισιν·
1010 1176 1126 1252 τὰς
1162 1171 1238 1239 δὲ
1274 1185 1495 1261 χεῖρας
1529 1177 1708 1261 παρὰ
1743 1175 1861 1250 τὰς
1894 1177 2184 1261 πλευρὰς
2205 1191 2308 1240 186

195 1280 654 1361 παρατείναντα
699 1283 1275 1366 προσκαταλαβεῖν
1318 1281 1484 1367 πρὸς
1532 1281 1693 1347 αὐτὸ
1738 1281 1812 1345 τὸ
1861 1290 2048 1365 σῶμα
2091 1282 2201 1345 καὶ
2229 1308 2281 1347 10

195 1383 269 1464 μὴ
311 1386 471 1470 πρὸς
515 1388 638 1471 τὴν
674 1389 974 1471 κλίμακα.
1049 1387 1212 1451 ὅταν
1248 1384 1322 1451 δὲ
1358 1396 1564 1452 ταῦτα
1601 1388 1927 1472 σκευάσῃς
1972 1387 2202 1470 οὕτως,

206 1486 484 1557 ἀνέλκειν
542 1494 667 1577 τὴν
726 1495 1009 1577 κλίμακα
1062 1492 1103 1575 ἢ
1155 1494 1324 1580 πρὸς
1377 1494 1615 1580 τύρσιν
1657 1495 1809 1559 τινὰ
1850 1485 2118 1577 ὑψηλὴν
2161 1494 2202 1577 ἢ

197 1596 343 1679 πρὸς
396 1596 655 1684 ἄέτωμα
709 1599 925 1665 οἴκου·
998 1600 1073 1664 τὸ
1134 1597 1209 1664 δὲ
1267 1602 1543 1685 χωρίον,
1608 1599 1720 1664 ἵνα
1776 1601 2202 1683 κατασείσεις,

199 1697 544 1771 ἀντίτυπον
597 1702 790 1771 ἔστω·
864 1708 1022 1783 τοὺς
1079 1706 1156 1771 δὲ
1208 1704 1676 1781 ἀνατείνοντας
1729 1705 2204 1782 εὐπαιδεύτους

204 1798 357 1873 εἶναι
399 1813 551 1897 χρή,
597 1810 776 1889 ὅπως
822 1811 1082 1895 ὁμαλῶς
1125 1812 1237 1875 καὶ
1270 1816 1486 1888 καλῶς
1531 1811 1639 1875 καὶ
1689 1811 2058 1896 ἰσορρόπως
2091 1808 2203 1874 καὶ

199 1908 566 1994 ἐξαπιναίως
613 1916 982 2003 ἀφήσουσι,
1040 1914 1149 1982 καὶ
1196 1919 1357 2002 μήτε
1402 1917 1442 2000 ἡ
1489 1915 1723 2000 κλῑμαξ
1771 1913 2204 2003 ἕτερόρροπος

323 2182 348 2231 1
396 2178 564 2234 ἐνθεν
610 2195 782 2248 ησσον
827 2197 892 2233 το
939 2196 985 2233 σ.
1022 2180 1128 2248 Ap.
1299 2185 1330 2232 2
1368 2187 1618 2250 κατασχῇ
1654 2180 1762 2248 Ap.
1874 2199 2202 2235 επιτεναντα

196 2259 283 2310 pro
319 2248 501 2305 ἔπειτα
537 2250 644 2318 Ap.
805 2255 837 2303 3
893 2249 1134 2305 κᾶπειτα
1171 2249 1293 2304 MV
1399 2254 1682 2319 προδῆσαι
1718 2250 1824 2319 Ap.
1934 2254 2065 2320 post
2170 2272 2202 2305 ν

198 2315 309 2370 add.
374 2320 444 2390 (νὴ
479 2322 586 2389 Ap.
723 2326 759 2373 4
796 2324 893 2376 δια
933 2321 1109 2391 εβῶτα
1146 2320 1290 2386 MV,
1332 2324 1430 2376 δια
1469 2323 1712 2392 αιβῶτας
1746 2322 1792 2375 Β
1832 2323 1890 2374 et
1928 2321 2084 2375 ἐπικε
2108 2340 2202 2390 με·

197 2404 282 2441 νον
313 2341 410 2446 *cxv
449 2390 637 2459 ἕτερον
686 2395 762 2462 τῷ
810 2390 867 2446 ἑτ
897 2411 975 2464 ρῳ
1010 2392 1047 2444 i.
1077 2410 1150 2445 m.
1188 2392 1264 2445 B⁴
1381 2412 1420 2461 μ
1493 2393 1641 2462 ὃιαβ.
1682 2407 1787 2445 om.
1828 2394 1882 2444 Γ
1991 2411 2090 2445 και
2126 2411 2200 2460 μη

197 2455 464 2516 διακεεντα
519 2465 660 2516 aua
715 2464 1097 2533 συμβεβηκοτα
1150 2480 1253 2531 pro
1301 2461 1374 2532 μὴ
1422 2463 1570 2532 ὃιαβ.
1617 2461 1667 2514 Α
1714 2504 1725 2514 .
1872 2466 1903 2514 5
1954 2463 2015 2514 εὐ
2054 2460 2201 2531 ρόχω

197 2523 313 2595 MV,
350 2532 544 2604 maist.
586 2534 733 2586 duae
773 2536 1020 2602 erasae)o
1059 2554 1102 2587 ω
1139 2533 1210 2598 Β,
1252 2532 1368 2602 ἅμα
1405 2533 1504 2586 καὶ
1540 2479 1707 2587 dam?
1721 2552 1797 2585 τω
1834 2531 1870 2584 i.
1909 2548 1981 2583 m.
2075 2531 2096 2561 ⁴

199 2596 250 2651 δὲ
283 2598 396 2658 ὅκοι
431 2620 534 2672 pro
572 2601 748 2675 εὐόχῳ
784 2604 890 2672 Ap.
1001 2625 1040 2673 μ
1069 2624 1102 2658 ν
1141 2621 1246 2657 om.
1286 2607 1341 2657 Γ
1480 2609 1512 2656 6
1551 2601 1813 2670 ἑκάτερον
1851 2619 1956 2655 om.
1995 2602 2101 2669 Ap.

196 2675 486 2744 προσδῆσαι
515 2717 526 2728 .
561 2715 571 2727 .
605 2717 616 2727 .
648 2670 789 2744 κλίμ.
830 2674 886 2745 (1.
930 2676 1016 2744 11)
1064 2692 1168 2728 om.
1210 2678 1263 2728 Γ
1404 2680 1433 2726 7
1480 2672 1626 2727 κατὰ
1663 2690 1769 2727 om.
1807 2673 1912 2741 Ap.
1986 2671 2056 2725 τὰ
2094 2689 2200 2725 om.

197 2735 239 2790 V
343 2750 371 2798 7
409 2748 543 2800 anfie
577 2746 643 2800 τὸ
682 2745 810 2800 add.
850 2744 995 2800 κατὰ
1031 2745 1168 2813 MV,
1206 2745 1337 2798 add.
1375 2745 1455 2806 εἰς
1490 2744 1595 2813 Ap.
1706 2749 1738 2796 8
1811 2746 1951 2810 αλαρ
1992 2759 2047 2796 σι
2081 2762 2204 2796 ται-

197 2806 328 2882 vivon
351 2815 488 2884 MV,
526 2825 682 2883 -ραῖς
716 2813 927 2879 τενίαις
953 2818 1059 2885 Ap.
1150 2815 1504 2887 περιβάλλειν
1531 2815 1595 2881 Β,
1631 2816 1765 2885 -βαλ
1794 2833 1880 2868 ειν
1985 2813 2051 2879 V,
2090 2823 2203 2868 -εῖν

195 2877 279 2950 Pq.
343 2886 766 2957 προσπεριβάλλ.
786 2887 891 2956 Ap.
969 2885 1112 2949 ὅκως
1138 2887 1259 2940 MV
1376 2891 1425 2938 8.
1449 2890 1480 2938 9
1514 2885 1764 2939 κωλύωσι
1783 2883 1917 2948 MV,
1947 2887 2204 2939 κωλυσω-

198 2967 271 3006 σιν
302 2956 401 3025 Ap.
548 2963 580 3011 9
632 2957 939 3012 κατάτασιν
974 2958 1048 3025 Β,
1084 2956 1324 3026 πέρασιν
1360 2957 1465 3025 Ap.
1538 2952 1954 3024 παρατείνοντα
1988 2956 2092 3024 Ap.

199 3026 253 3074 10
284 3027 418 3094 πρὸς
451 3028 516 3082 τὸ
555 3029 729 3082 αὐτοῦ
768 3044 817 3082 σ.
854 3029 959 3097 Ap.
1108 3034 1172 3081 11
1213 3026 1349 3082 ὅταν
1380 3071 1390 3080 .
1425 3071 1435 3080 .
1469 3070 1479 3080 .
1510 3025 1653 3095 κλίμ.
1693 3043 1799 3080 om.
1839 3024 1890 3078 V
1971 3044 2202 3080 κατασκ.

196 3089 258 3159 Μ,
293 3097 526 3170 σκευάσῃ
561 3100 667 3167 Ap.
817 3104 882 3152 12
921 3097 957 3167 ἢ
993 3101 1124 3168 post
1159 3097 1302 3168 κλίμ.
1342 3098 1449 3152 del.
1487 3098 1579 3165 13³,
1626 3114 1732 3152 om.
1772 3096 1932 3165 PAp.
2033 3115 2203 3165 προσ-

197 3163 367 3232 σύρσιν
401 3169 505 3237 Ap.
582 3185 753 3238 supra
778 3169 972 3237 τύρσιν
1003 3187 1071 3223 ss.
1109 3168 1209 3223 τὸν
1245 3169 1463 3239 πύργον
1499 3169 1589 3234 B³,
1626 3168 1816 3236 τύρσις
1853 3167 2025 3237 σκηνὴ
2062 3168 2203 3234 πύρ-

194 3252 278 3356 {gc
318 3241 616 3311 προμαχών
661 3240 750 3293 tit.
798 3240 859 3293 in
904 3239 1094 3293 infimo
1132 3238 1228 3293 fol.
1269 3245 1335 3293 51
1375 3257 1449 3305 v.‚
1501 3239 1572 3292 ab
1610 3240 1709 3308 ὑψ.
1747 3238 1952 3307 incipit
1995 3237 2093 3292 fol.
2135 3243 2202 3290 65

378 3314 441 3362 13
480 3325 649 3379 supra
686 3309 797 3365 ἀέτ.
838 3328 908 3364 ss,
946 3310 1097 3380 ὕψος
1130 3309 1206 3362 13⁸
1314 3311 1559 3379 ἀετωμα’
1598 3308 1635 3378 ἡ
1673 3308 1920 3378 στεφάνη
1957 3317 2058 3363 τοῦ
2095 3309 2204 3361 δώ-

196 3393 349 3441 ματος
373 3378 409 3432 i.
437 3398 509 3433 m.
550 3398 669 3450 sup.
709 3380 769 3433 M
814 3384 823 3391 ’
876 3398 1166 3443 κατασισις
1191 3381 1314 3446 ΒΓ,
1353 3382 1538 3451 σειΞης
1564 3380 1648 3448 Μ,
1696 3376 1890 3440 -σείεις
1916 3378 1985 3444 V,
2022 3393 2202 3444 -σειση

196 3443 290 3566 Alp-
426 3454 493 3503 14
541 3452 674 3513 τοὺς
712 3494 722 3504 .
757 3494 767 3504 .
802 3495 812 3504 .
853 3452 1076 3507 ἔσονται
1123 3467 1231 3505 om.
1268 3455 1324 3503 Γ
1425 3469 1683 3504 αντιτειν.
1731 3449 1836 3517 Ap.
1986 3453 2050 3500 15
2098 3445 2201 3515 χρὴ

197 3531 220 3565 ε
243 3535 285 3567 ν.
321 3517 543 3589 MVAp.
658 3519 738 3575 ὅκ.
777 3521 898 3576 MV
1044 3527 1109 3576 16
1149 3521 1407 3590 ἀφήσωσι
1443 3520 1547 3588 Ap.
1661 3518 1989 3586 ἑτερορρεπῇ
2023 3517 2127 3581 Ap.

2232 1836 2285 1876 15
