2588 3876
286 149 412 215 198
771 154 963 204 ΠΕΡΙ
996 153 1283 205 ΑΡΘΡΩΝ
1323 154 1681 204 ΕΜΒΟΛΗΣ
1719 156 1786 204 55

410 312 514 377 55.
574 306 727 380 Οἷσι
771 315 893 398 μὲν
940 310 1065 380 οὖν
1110 313 1195 380 ἂν
1230 314 1801 399 τετελεωμένοισιν
1844 315 1972 398 ἤδη
2026 313 2312 378 ἐκπεσὸν

171 436 276 484 240
296 423 370 484 τὸ
409 422 673 505 ἄρθρον
704 418 712 507 Ι
744 423 833 505 μὴ
870 420 1136 508 ἐμπέσῃ,
1173 423 1514 488 τούτοισιν
1548 422 1963 507 βραχύτερον
1997 421 2122 505 μὲν
2149 423 2307 504 φαί-

275 551 456 593 νεται
502 529 575 592 τὸ
622 528 891 612 σύμπαν
937 527 1193 605 σκέλος·
1258 527 1335 594 ἐν
1390 529 1466 596 δὲ
1508 538 1586 614 τῇ
1645 529 1997 612 ὁδοιπορίῃ
2052 537 2131 613 τῇ
2178 529 2308 611 μὲν

274 633 518 720 πτέρνῃ
566 636 649 700 οὐ
698 635 1018 701 δύνανται
1055 642 1526 701 καθικνεῖσθαι
1563 645 1677 718 τῆς
1714 645 1860 719 γῆς,
1907 643 1997 722 τῷ
2037 631 2113 700 δὲ
2149 638 2306 718 στή-

223 765 247 804 5
276 748 388 806 θει
435 751 556 806 τοῦ
611 742 818 818 ποδὸς
870 745 1227 825 βαίνουσιν
1283 742 1391 808 ἐπὶ
1437 744 1559 826 τὴν
1604 751 1756 826 γῆν·
1823 742 2058 825 ὀλίγον
2113 738 2188 806 δὲ
2235 741 2306 818 ἐς

272 850 348 913 τὸ
408 845 535 913 ἔσω
599 847 797 933 μέρος
862 849 1184 935 ῥέπουσιν
1247 859 1423 914 τοῖσι
1487 850 1916 915 δακτύλοισιν
1975 849 2305 932 ἄκροισιν.

276 953 457 1038 ὀχεῖν
502 950 578 1018 δὲ
622 956 696 1019 τὸ
746 966 931 1038 σῶμα
978 956 1256 1020 δύναται
1302 956 1377 1020 τὸ
1417 958 1697 1040 σιναρὸν
1735 955 1965 1032 σκέλος
1999 956 2304 1021 τούτοισι

273 1065 498 1148 πολλῷ
526 1066 778 1142 μᾶλλον
805 1062 845 1145 ἢ
885 1053 985 1139 οἷς
1023 1061 1107 1127 ἂν
1135 1062 1203 1139 ἐς
1228 1064 1303 1127 τὸ
1334 1066 1461 1128 ἔσω
1499 1062 1698 1147 μέρος
1725 1061 2129 1147 ἐκπεπτώκῃ,
2166 1062 2304 1146 ἅμα

272 1168 395 1252 μὲν
432 1169 535 1236 ὅτι
570 1169 610 1252 ἡ
656 1170 911 1253 κεφαλὴ
957 1177 1077 1233 τοῦ
1118 1178 1336 1253 μηροῦ
1383 1168 1494 1234 καὶ
1540 1170 1576 1234 ὁ
1626 1169 1836 1253 αὐχὴν
1871 1178 1991 1234 τοῦ
2031 1171 2301 1254 ἄρθρου

195 1300 245 1338 10
272 1276 552 1357 πλάγιος
607 1275 807 1358 φύσει
861 1275 1173 1359 πεφυκὼς
1229 1276 1362 1342 ὑπὸ
1410 1283 1632 1364 συχνῷ
1679 1274 1862 1361 μέρει
1907 1284 2027 1341 τοῦ
2078 1277 2302 1361 ἰσχίου

272 1383 394 1464 τὴν
438 1381 807 1447 ὑπόστασιν
850 1385 1228 1465 πεποίηται,
1288 1384 1423 1467 ἄμα
1482 1379 1555 1447 δὲ
1616 1382 1719 1447 ὅτι
1778 1384 1981 1466 ἄκρος
2036 1382 2072 1447 ὁ
2128 1384 2304 1459 ποὺς

273 1488 398 1551 οὐκ
457 1486 524 1564 ἐς
582 1489 655 1553 τὸ
717 1486 837 1566 ἔξω
898 1488 1096 1573 μέρος
1155 1489 1583 1573 ἀναγκάζεται
1630 1489 2086 1571 έκκεκλίσθαι,
2145 1488 2272 1554 ἀλλ

272 1592 470 1676 ἐγγύς
507 1593 688 1661 ἐστιν
725 1605 839 1679 τῆς
878 1597 1203 1681 ὒθυωρίης
1239 1606 1356 1680 τῆς
1391 1597 1555 1661 κατὰ
1590 1596 1664 1661 τὸ
1713 1607 1903 1679 σῶμα
1936 1594 2049 1661 καὶ
2096 1600 2297 1661 τείνει

271 1700 380 1765 καὶ
425 1700 740 1785 ἐσωτέρω.
816 1703 976 1768 ὅταν
1031 1698 1157 1768 οὖν
1210 1705 1447 1787 τρίβον
1500 1700 1622 1787 μὲν
1678 1704 1845 1789 λάβῃ
1900 1705 1974 1768 τὸ
2033 1705 2296 1787 ἄρθρον

192 1832 242 1872 15
272 1806 347 1873 ἐν
391 1818 469 1894 τῇ
518 1813 739 1894 σαρκί,
795 1808 861 1887 ἐς
905 1810 992 1893 ἣν
1037 1808 1373 1892 ἐξεκλίθη,
1428 1810 1468 1892 ἡ
1516 1806 1590 1874 δὲ
1648 1809 1809 1894 σὰρξ
1857 1814 2299 1894 γλισχρανθῇ,

271 1914 626 1982 ἀνώδυνον
684 1924 774 2004 τῷ
827 1919 1042 2004 χρόνῳ
1104 1919 1381 2001 γίνεται·
1453 1917 1612 1983 ὅταν
1669 1913 1742 1982 δὲ
1789 1916 2147 1983 ἀνώδυνον
2190 1915 2301 2000 γέ-

270 2047 489 2105 νηται,
539 2024 860 2088 δύνανται
896 2020 1019 2107 μὲν
1056 2024 1443 2108 ὁδοιπορεῖν
1479 2026 1639 2089 ἄνευ
1679 2022 1914 2106 ξύλου,
1961 2023 2047 2107 ἢν
2082 2025 2302 2100 ἄλλως

268 2129 674 2211 βούλωνται,
723 2131 1041 2195 δύνανται
1079 2127 1153 2196 δὲ
1202 2130 1384 2214 ὀχεῖν
1419 2132 1494 2195 τὸ
1532 2142 1716 2214 σῶμα
1750 2128 1860 2196 ἐπὶ
1899 2131 1974 2195 τὸ
2014 2132 2300 2214 σιναρὸν

270 2235 517 2310 σκέλος.
602 2237 715 2300 διά
769 2231 894 2300 οὖν
947 2238 1069 2321 τὴν
1126 2247 1364 2323 χρῆσιν
1408 2232 1618 2320 ἧσσον
1663 2247 1837 2303 τοῖσι
1883 2238 2297 2302 τοιούτοισιν

189 2368 242 2407 20
271 2340 759 2425 ἐκθηλύνονται
808 2344 874 2408 αὶ
914 2344 1149 2428 σάρκες
1194 2342 1234 2426 ἢ
1282 2335 1461 2408 οἷσιν
1509 2341 1742 2426 ὀλίγον
1777 2346 2085 2428 πρόσθεν
2120 2350 2297 2430 εἴρη-

414 2541 440 2587 1
500 2532 573 2590 ἂν
619 2552 724 2590 om.
774 2536 960 2600 codd,
1009 2536 1137 2588 add.
1184 2535 1288 2604 Ap.
1436 2535 1547 2604 ἤδη
1593 2534 2029 2605 τετελειωμέναις
2077 2535 2183 2604 Ap.

266 2608 536 2675 τετελιωμ.
585 2607 655 2672 Β,
712 2610 1011 2676 τετελειωμ.
1061 2607 1163 2660 cet.
1349 2613 1381 2659 2
1435 2605 1658 2675 ἐμπέσει
1692 2606 1739 2659 Β
1882 2606 2129 2661 τούτοισι
2173 2606 2296 2659 MV

267 2628 849 2816 ΒΓωύέἓόςθᾶῗνοξξ
890 2698 950 2745 φ
988 2678 1143 2803 {11³1ss
1197 2683 1296 2817 τῆξ
1329 2677 1451 2816 μὲτῖς
1467 2681 1664 2802 O{mnddP
1692 2748 1784 2803 ἐπὶ
1821 2681 2148 2815 &Vm-g?
2153 2682 2296 2820 ⁶13oess

267 2826 373 2889 γῆν
410 2820 514 2889 Ap.
555 2820 702 2873 Erm.
830 2824 940 2893 τῷ.
974 2862 984 2873 .
1097 2827 1168 2888 ῆν
1206 2836 1312 2873 om.
1349 2770 1437 2886 31,
1495 2820 1621 2873 add.
1661 2819 1696 2871 i.
1736 2838 1807 2873 m
1848 2821 1972 2874 cad.
1988 2823 2054 2890 (P)
2091 2838 2165 2874 m.

268 2896 317 2942 4.
348 2895 379 2943 5
418 2890 587 2958 στήθι
623 2893 667 2944 Β
823 2895 854 2943 5
874 2875 996 2946 ἐπὶ
1031 2912 1075 2945 τ.
1212 2888 1403 2961 ὀλίγον
1436 2936 1445 2945 .
1479 2934 1489 2944 .
1523 2891 1820 2958 ,ἄκροισιν
1867 2908 1973 2945 om.
2013 2892 2103 2957 B¹‚
2161 2894 2292 2946 add.

267 2960 303 3012 i.
342 2979 413 3013 m
451 2962 528 3015 ΒΞΕ
651 2963 745 3018 ἐπὶ
778 2971 945 3053 τῆςγ
949 2969 1014 3031 ῆς
1051 2912 1227 3017 alsscro
1266 2962 1303 3015 l.
1302 2913 1488 3015 LErm
1617 2959 1764 3033 βαίν.
1815 2960 2003 3032 ὀλίγον
2051 2964 2146 3017 ἐπὶ
2190 2965 2296 3033 τὴν

266 3038 373 3101 γῆν
410 3033 491 3096 εἰς
524 3033 588 3086 τὸ
628 3033 802 3102 ἔσωρ
810 3035 947 3088 .ἀκ.
949 2982 1049 3087 ηδὲ
1087 3053 1134 3086 τ.
1171 3038 1221 3088 δ.
1251 3034 1355 3123 Ap
1478 3039 1509 3087 5
1548 3033 1628 3096 εἰς
1666 3032 1826 3087 codd.
1940 3040 1971 3087 6
2011 3033 2140 3088 εἴσω
2172 3035 2296 3088 MV

374 3098 606 3170 ῥέπουσι
642 3055 802 3156 MVQ
870 3102 1056 3173 ὀλίγον
1089 3147 1099 3157 .
1133 3102 1389 3160 ..τείνει
1426 3106 1522 3158 καὶ
1549 3103 1803 3193 ἐσωτέρω
1841 3106 1952 3174 (14)
1992 3122 2098 3159 om.
2138 3109 2191 3159 Γ

269 3177 297 3224 7
350 3123 405 3227 ὀρ
415 3172 526 3228 έειν
566 3175 725 3229 codd.
845 3125 988 3230 &huy
1005 3196 1051 3229 τ.
1092 3193 1140 3228 σ.
1178 3175 1300 3227 MV
1411 3172 1566 3229 τοῦτ’
1608 3176 1659 3229 εἰ
1693 3192 1794 3244 pro
1831 3177 2079 3231 τούτοισι
2114 3177 2219 3246 Ap.

267 3250 298 3296 8
339 3263 367 3297 ο
397 3260 451 3300 σι
488 3245 571 3309 Μ,
629 3266 687 3299 -ν
725 3245 776 3297 V
884 3245 1010 3299 εἴσω
1048 3246 1100 3300 V
1216 3247 1554 3300 ἐκπεπτώκει
1590 3245 1639 3298 V
1786 3252 1850 3298 12
1907 3247 2300 3316 ἐγκεκλεῖσθαι

266 3313 468 3380 BMV,
509 3313 864 3370 {auena-laem
892 3317 1014 3370 Par.
1047 3318 1104 3370 M
1133 3316 1265 3371 Litt
1296 3316 1394 3386 Pq.
1400 3313 1800 3384 ,ἐκκεκλίνθαι
1828 3316 1976 3370 Erm.
2082 3326 2147 3373 13
2176 3321 2298 3374 ἐστι

268 3385 388 3438 MV
508 3390 573 3438 15
613 3386 692 3448 εἰς
728 3387 904 3451 codd„
945 3388 1000 3448 ἐς
1035 3388 1133 3457 Pq.
1209 3388 1494 3456 ἐξεκλειθη
1531 3388 1617 3453 Μ,
1654 3385 1847 3457 -ηείσθ
1876 3387 1928 3441 V
2051 3395 2115 3444 16
2155 3388 2296 3446 ὅταν

359 3453 539 3512 .ποδί
576 3456 649 3523 (Ρ.
682 3461 800 3522 199,
823 3462 917 3525 20)
957 3474 1061 3512 om
1112 3464 1164 3513 Γ
1322 3465 1387 3513 17
1426 3459 1666 3514 δύναται
1702 3409 1847 3512 MV⁷²
1939 3459 2297 3528 ὁδοιπορέειν

256 3495 430 3578 codd.
581 3530 646 3576 18
696 3525 871 3594 ὀχέειν
909 3528 1065 3580 codd
1223 3535 1287 3583 19
1336 3530 1635 3585 τοιούτοισι
1671 3531 1717 3583 Β
1861 3537 1931 3584 20
1978 3530 2193 3603 οῖσι(ν’)
2234 3534 2296 3588 M
