2588 3876
680 160 852 208 ΠΕΡΙ
887 157 1176 210 ΑΡΘΡΩΝ
1212 159 1572 209 ΕΜΒΟΛΗΣ
1610 161 1677 209 58
2061 155 2191 218 205

171 330 344 385 τοῖσι
399 315 523 402 μὲν
579 319 701 403 γάρ
757 319 1087 403 μετέωρον
1145 322 1370 402 ἔχουσι
1429 321 1504 384 τὸ
1554 317 1784 394 σκέλος
1827 316 1937 382 καὶ
1982 318 2193 401 μηδὲν

170 425 757 510 ταλαιπωρέουσιν,
793 426 1090 491 τούτοισι
1126 424 1234 490 καὶ
1272 426 1556 509 μάλιστα
1589 427 1984 507 μινύθουσι·
2023 427 2091 488 οἳ
2125 421 2184 486 δ’

171 533 254 598 ἂν
312 539 586 598 πλεῖστα
643 532 962 617 χρέωνται
1022 540 1099 616 τῇ
1157 531 1485 616 ἐπιβάσει,
1550 530 1883 616 τούΙτοισι
1940 531 2175 613 ἥκιστα
2195 546 2298 593 252

169 642 552 725 μινύθουσι.
625 642 701 705 τὸ
731 638 959 724 μέντοι
986 639 1171 722 ὑγιὲς
1199 639 1431 715 σκέλος
1467 639 1590 703 οὐκ
1620 639 1990 722 ὠφελεῖται,
2029 637 2196 702 ἀλλὰ

167 746 276 812 καὶ
336 746 904 832 ἀσχημονέστερον
959 748 1244 828 γίνεται,
1301 744 1386 828 ἢν
1441 743 1761 829 χρέωνται
1813 752 1905 832 τῷ
1953 752 2201 831 σιναρῷ
2252 770 2275 808 5

168 853 383 919 σκέλει
411 852 519 919 ἐπὶ
548 854 673 936 τὴν
690 861 842 936 γῆν·
872 851 1385 938 συνυπουργέον
1408 854 1533 936 γὰρ
1563 850 1793 938 ἐκείνω
1822 850 2109 935 ἐξίσχιόν
2126 874 2196 915 τε

167 960 689 1043 ἀπαναγκάζεται
727 955 899 1024 εἶναι
935 957 1044 1024 καὶ
1081 959 1245 1023 κατὰ
1280 962 1404 1042 τὴν
1443 959 1683 1042 ἰγνύην
1720 958 2194 1040 συγκάμπτειν·

165 1066 248 1150 ἢν
299 1067 373 1132 δὲ
416 1068 505 1151 μὴ
553 1066 992 1152 προσχρέηται
1039 1063 1145 1129 ἐπὶ
1192 1067 1316 1149 τὴν
1360 1074 1488 1148 γῆν
1532 1072 1623 1152 τῷ
1667 1071 1916 1151 σιναρῷ
1960 1063 2196 1147 σκέλει,

166 1174 336 1239 ἀλλὰ
388 1173 722 1259 μετέωρον
776 1170 947 1257 ἔχων
1001 1176 1282 1237 σκίπωνι
1347 1171 1827 1258 ἀντερείδηται,
1893 1169 2066 1235 οὕτω
2124 1170 2198 1234 δὲ

164 1283 493 1366 καρτερὸν
538 1282 792 1363 γίνεται
836 1281 910 1343 τὸ
948 1279 1131 1362 ὑγιὲς
1177 1278 1436 1354 σκέλος·
1501 1281 1575 1343 ἔν
1611 1302 1681 1343 τε
1718 1279 1842 1363 γὰρ
1880 1286 1958 1362 τῇ
1997 1277 2196 1360 φύσει
2227 1302 2279 1341 10

167 1391 502 1454 διαιτᾶται
557 1386 636 1451 τά
690 1410 759 1450 τε
815 1386 1146 1470 γυμνάσια
1201 1386 1690 1470 προσκρατύνει
1755 1384 1934 1449 αὐτό.
2035 1385 2198 1466 φαίη

164 1492 287 1577 μὲν
336 1489 466 1559 οὗν
513 1495 598 1572 ἄν
641 1517 742 1570 τις
788 1490 907 1570 ἔξω
958 1494 1249 1578 ἰητρικῆς
1294 1493 1376 1556 τὰ
1420 1501 1692 1556 τοιαῦτα
1730 1486 1926 1555 εἶναι·
1974 1491 2043 1554 τί
2073 1491 2200 1573 γὰρ

169 1603 387 1686 δῆθεν
454 1600 558 1664 δεῖ
619 1597 770 1684 περὶ
834 1610 969 1663 τῶν
1030 1601 1157 1683 ἤδη
1224 1597 1602 1682 ἀνηκέστων
1666 1599 2042 1680 γεγονότων
2104 1593 2201 1660 ἔτι

167 1705 679 1794 προσσυνιέναι;
751 1709 1004 1770 πολλοῦ
1069 1705 1145 1770 δὲ
1208 1706 1312 1769 δεῖ
1375 1704 1585 1780 οὕτως
1639 1705 1840 1787 ἔχειν·
1904 1712 2018 1785 τῆς
2075 1703 2201 1787 γὰρ

169 1816 376 1898 αὐτῆς
442 1815 706 1897 γνώμης
762 1813 871 1876 καὶ
934 1821 1139 1876 ταῦτα
1202 1811 1530 1876 συνιέναι·
1595 1809 1676 1874 οὐ
1741 1811 1866 1892 γὰρ
1931 1800 2080 1873 οἶόν
2133 1831 2204 1871 τε
2231 1833 2281 1873 15

169 1922 803 2005 ἀπαλλοτριωθῆναι
868 1916 975 1983 ἀπ’
1042 1918 1361 2001 ἀλλήλων.
1454 1918 1555 1983 δεῖ
1617 1917 1739 2000 μὲν
1803 1916 1928 2000 γὰρ
1994 1912 2060 1990 ἐς
2123 1916 2203 1979 τὰ

170 2029 419 2094 ἀκεστά
454 2033 897 2111 μηχανᾶσθαι,
935 2026 1109 2102 ὅπως
1145 2027 1231 2109 μὴ
1271 2025 1596 2109 ἀνήκεστα
1640 2021 1844 2107 ἔσται,
1891 2021 2204 2087 συνιέντα

171 2135 304 2221 ὅπῃ
356 2132 443 2197 ἂν
488 2134 768 2214 μάλιστα
813 2131 1110 2197 κωλυτέα
1156 2130 1223 2208 ἐς
1268 2133 1343 2197 τὸ
1394 2130 1755 2214 ἀνήκεστον
1801 2128 2055 2195 ἐλθεῖν·
2102 2129 2205 2193 δεῖ

172 2242 247 2306 δὲ
303 2242 386 2305 τὰ
451 2238 772 2322 ἀνήκεστα
836 2237 1166 2321 συνιέναι,
1230 2238 1320 2314 ὡς
1373 2239 1459 2322 μὴ
1518 2238 1729 2320 μάτην
1787 2238 2203 2318 λυμαίνηται·

171 2350 254 2414 τὰ
322 2348 399 2412 δὲ
460 2347 886 2431 προρρήματα
952 2346 1217 2430 λαμπρὰ
1272 2342 1382 2409 καὶ
1448 2344 1847 2426 ἀγωνιστικὰ
1900 2341 2026 2406 ἀπὸ
2081 2350 2201 2405 τοῦ
2232 2368 2283 2406 20

175 2455 679 2536 διαγινώσκειν,
736 2453 862 2537 ὅπῃ
911 2451 1188 2516 ἕκαστον
1235 2449 1345 2515 καὶ
1392 2451 1547 2527 οἵως
1592 2447 1701 2514 καὶ
1749 2448 1943 2513 ὁπότε
1987 2453 2206 2512 τελευ-

174 2562 392 2643 τήσει,
465 2560 551 2641 ἤν
613 2582 681 2622 τε
745 2557 811 2634 ἐς
874 2558 946 2621 τὸ
1012 2558 1289 2622 ἀκεστὸν
1346 2556 1667 2641 τράπηται
1731 2556 1816 2637 ἤν
1876 2578 1946 2618 τε
2006 2551 2073 2629 ἐς
2130 2554 2203 2616 τὸ

341 2710 356 2736 3

330 2757 357 2804 1
410 2749 625 2813 σκέλεος
660 2752 725 2803 ut
762 2749 984 2819 saepius
1021 2750 1066 2802 B
1204 2756 1234 2802 2
1272 2746 1715 2816 ταλαιπωρέουσι
1749 2746 1870 2800 MV
1977 2745 2207 2813 μινύθει

176 2822 303 2876 MV
405 2827 436 2873 3
464 2822 741 2875 τούτοισιν
769 2823 823 2890 (ν
853 2821 981 2874 add.
1003 2821 1108 2890 ΜΞ)
1137 2821 1256 2874 MV
1363 2826 1397 2872 4
1426 2818 1646 2888 ὠφελέε.
1676 2818 1839 2872 codd.
1949 2823 1980 2870 6
2009 2816 2203 2880 ξυνυπ.

180 2895 225 2947 Β
380 2898 410 2945 7
450 2892 601 2961 ξυγκ.
641 2892 800 2946 codd.
947 2897 979 2945 8
1025 2896 1102 2964 τῷ
1132 2896 1342 2959 σιναρῶ
1372 2892 1463 2945 ἐπὶ
1498 2910 1544 2943 τ.
1584 2911 1631 2959 γ.
1672 2893 1775 2960 (σκ.
1815 2890 1943 2957 om.)
1982 2887 2100 2941 MV

179 2981 385 3019 συνυπ.
407 2966 460 3034 (6
505 3006 516 3017 .
550 3006 561 3016 .
594 3006 604 3016 .
636 2963 726 3017 ἐπὶ
763 2984 809 3017 τ.
849 2984 897 3032 γ.
936 2963 1023 3015 bis
1059 2964 1250 3031 posuit
1284 2945 1337 3015 V
1515 2966 1547 3013 9
1604 2961 1673 3029 δὴ
1711 2978 1811 3029 pro
1851 2958 1914 3013 δὲ
1951 2958 2098 3012 Erm.

182 3042 249 3089 12
301 3033 376 3089 ἂν
414 3054 444 3088 ο
485 3056 517 3089 ν
554 3034 675 3087 MV
782 3032 855 3089 ἂν
893 3052 999 3088 om.
1038 3035 1142 3103 Ap.
1270 3039 1352 3087 12.
1385 3038 1451 3086 13
1487 3030 1542 3086 τί
1578 3032 1683 3101 γάρ
1720 3051 1774 3085 τι
1812 3033 1992 3100 δῆθεν
2029 3030 2134 3098 Ap.

184 3113 254 3160 13
296 3104 526 3176 γεγονός
560 3126 614 3157 τι
649 3105 1012 3173 προξυνιεναι
1047 3105 1152 3173 Ap.
1301 3110 1369 3157 14
1417 3103 1606 3170 προσξ.
1646 3103 1766 3155 MV
1873 3099 1945 3168 δή
1981 3119 2082 3170 pro
2122 3103 2213 3155 δεῖ

180 3178 291 3247 Ap.
440 3181 505 3229 15
543 3175 796 3240 ξυνιέναι
831 3176 950 3229 MV
1057 3174 1273 3230 οἴονται
1310 3175 1414 3264 Ap
1563 3180 1627 3227 16
1677 3175 1732 3237 ἐς
1767 3190 1874 3227 om.
1905 3172 2135 3297 BMAp.

185 3255 250 3302 17
295 3247 499 3302 ἕκαστα
537 3247 641 3316 Ap.
753 3246 1160 3319 μηχανάασθαι
1196 3247 1255 3299 Μ
1347 3265 1488 3308 οκως
1523 3246 1582 3298 M
1669 3244 1783 3299 ἐστι
1818 3245 1878 3297 M
1950 3244 2076 3307 ξυνι
2106 3262 2208 3297 ντα

184 3319 349 3374 codd.
484 3324 565 3372 18
614 3315 736 3373 ὅκοι
772 3318 844 3385 Β,
892 3316 993 3387 ὅκη
1031 3317 1082 3371 V
1189 3318 1405 3385 κωλύση
1453 3318 1508 3379 ἐς
1544 3317 1642 3371 τὸν
1689 3318 1742 3369 ἀ.
1780 3316 1885 3384 Ap.
2032 3319 2098 3367 19
2138 3313 2207 3380 δὴ

183 3407 288 3460 pro
327 3388 391 3443 δὲ
429 3389 480 3443 V
576 3389 828 3454 ξυνιέναι
863 3389 983 3442 MV
1078 3388 1257 3458 μάτην
1294 3389 1400 3457 Ap.
1439 3387 1590 3454 Litt„
1629 3386 1698 3441 of.
1737 3405 1794 3440 π.
1833 3388 2025 3455 ἀγμῶν
2063 3401 2109 3438 c.
2142 3389 2206 3435 15

185 3464 262 3530 (p.
297 3466 380 3526 72,
404 3464 474 3530 6),
511 3460 745 3528 μάλιστα
782 3460 941 3514 codd.
1070 3465 1138 3512 20
1174 3459 1535 3531 προβλήματα
1571 3460 1676 3527 Ap.
1813 3462 1878 3509 21
1919 3456 2206 3525 γινώσκειν

127 3583 138 3592 ,
187 3532 296 3601 Ap.
409 3531 519 3601 ὁπη
558 3552 630 3585 αν
666 3530 871 3586 ἄκεστα
908 3552 1005 3584 και
1042 3530 1209 3585 ὁπότε
1244 3531 1342 3584 καὶ
1379 3528 1529 3591 ὅπως
1563 3530 1668 3597 Ap.
1779 3524 2067 3595 ὁμοίωςὛ
