2588 3876
416 148 544 211 124
889 152 1064 201 ΠΕΡΙ
1098 150 1388 202 ΑΡΘΡῼΝ
1423 151 1781 202 ΕΜΒΟΑΗΣ
1817 152 1865 202 8.
1905 154 1935 201 9

411 311 1007 396 λελιμαγχημένων,
1053 313 1122 377 αἱ
1167 323 1302 376 τῶν
1338 316 1615 395 λεπτῶν,
1661 310 2147 395 μυξωδέστεραί
2181 310 2413 394 εἰσινῆ

412 418 481 481 αὶ
526 429 659 482 τῶν
701 418 977 502 παχέων.
2525 435 2526 444 ’

549 516 700 589 Οἷσι
768 524 994 608 μέντοι
1058 527 1188 590 σὺν
1251 529 1593 610 φλεγμονῇ
1665 523 1838 609 μύξα
1906 524 2323 607 ὑπογίνεται,
2378 523 2413 606 ἡ
2523 525 2526 598 ᾗ

411 633 751 714 φλεγμονὴ
799 632 1057 714 δήσασα
1104 635 1235 716 ἔχει
1283 632 1358 695 τὸ
1404 632 1693 716 ἄρθρον·
1760 632 1873 696 διὰ
1907 640 2106 696 τοῦτο
2144 631 2227 695 οὐ
2259 631 2414 711 μάλα

357 755 382 796 ⁵
410 735 706 802 ἐκπίπτει
751 740 833 802 τὰ
874 737 1204 822 ὑπόμυξα,
1254 736 1652 803 ἐκπίπτοντα
1698 738 1802 822 ἄν,
1848 740 1907 802 εἰ
1942 740 2033 823 μή
2066 760 2132 801 τι
2158 737 2200 821 ἢ
2227 735 2415 801 πλέον
2525 819 2526 834 ¹

408 843 449 926 ἢ
495 841 776 908 ἔλασσον
820 849 1198 928 φλεγμονῆς
1241 843 1610 928 ὑπεγίνετο.
2523 883 2526 894 ¹

306 961 409 1009 100
544 951 603 1014 9.
671 949 683 1037 1
725 942 878 1016 Οἷσι
922 948 1044 1036 μὲν
1090 946 1215 1016 οὖν
1262 949 1487 1035 [ὄτΊᾶν
1542 950 1808 1036 ἐμπέσῃ,
1844 952 1919 1017 τὸ
1994 952 2260 1037 ἄρθρον
2317 947 2412 1013 καὶ

412 1059 501 1141 μὴ
567 1056 1018 1142 ἐπιφλεγμήνῃ
1081 1059 1161 1121 τὰ
1225 1055 1612 1143 περιέχοντα
1678 1060 1973 1142 χρῆσθαί
2039 1081 2110 1122 τε
2176 1056 2413 1123 ἀνωδύ-
2523 1087 2526 1142 j

410 1187 543 1240 νως
607 1164 841 1228 αὐτίκα
916 1165 1249 1228 δύνωνται
1328 1172 1419 1250 τῷ
1502 1165 1686 1251 ὤμῳ,
1761 1158 1950 1229 οὗτοι
2027 1160 2148 1248 μὲν
2234 1159 2412 1228 οὐδὲν
2525 1163 2526 1224 ss

335 1293 387 1332 10
415 1273 803 1353 νομίζουσιν
840 1280 1012 1355 σφᾶς
1048 1269 1292 1347 αὐτοὺς
1339 1274 1433 1335 ἔτι
1480 1272 1626 1336 δεῖν
1670 1270 2149 1356 ἐπιμελεῖσθαι·
2203 1273 2411 1355 ἰητροῦ
2525 1267 2526 1270 '

409 1379 541 1460 μήν
586 1376 725 1441 ἐστι
770 1379 1436 1458 καταμαντεύσασθαι
1482 1389 1628 1460 τῶν1
1661 1378 2015 1442 τοιούτων·
2079 1388 2254 1442 τοῖσι
2297 1399 2411 1440 τοι-
2525 1423 2526 1426 ¹

410 1484 666 1547 ούτοισι
731 1485 857 1567 γὰρ
923 1482 1216 1548 ἐκπίπτει
1280 1482 1391 1548 καὶ
1457 1479 1644 1560 αὖτις
1705 1489 1962 1565 μᾶλλον
2014 1483 2055 1567 ἢ
2113 1475 2294 1548 οἷσιν
2343 1481 2413 1546 ἂν

411 1589 860 1675 ἐπιφλεγμήνῃ
906 1591 988 1655 τὰ
1033 1599 1257 1674 νεῦρα.
1347 1599 1547 1656 τοῦτο
1603 1593 1767 1656 κατὰ
1823 1591 2039 1655 πάντα
2083 1592 2166 1655 τὰ
2209 1591 2414 1676 ἄρθρα

409 1696 618 1772 οὕτως
681 1699 839 1781 ἔχει,
904 1696 1014 1761 καὶ
1077 1691 1361 1781 μᾶλιστα
1423 1696 1568 1762 κατ’
1619 1692 1801 1780 ὦμον
1856 1695 1966 1761 καὶ
2019 1698 2186 1762 κατὰ
2234 1698 2411 1779 γόνυ·

328 1825 378 1865 15
408 1803 687 1887 μάλιστα
715 1804 841 1890 γὰρ
872 1798 998 1869 οὖν
1035 1804 1381 1869 ὀλισθάνει
1427 1812 1647 1868 ταῦτα.
1722 1796 1858 1869 οἷσι
1896 1802 1956 1867 δ’
1992 1802 2079 1867 ἂν
2125 1802 2413 1886 ἐπιφλεγ-

407 1912 611 1996 μήνῃ,
668 1909 749 1975 οὐ
807 1910 1127 1976 δύνανται
1191 1909 1480 1997 χρῆσθαι
1544 1918 1635 1998 τῷ
1682 1911 1862 1999 ὤμῳ·
1927 1910 2170 1976 κωλύει
2214 1910 2339 1994 γὰρ
2379 1906 2412 1989 ἡ

408 2016 618 2100 ὀδύνη
664 2018 774 2081 καὶ
820 2017 860 2099 ἡ
908 2018 1223 2094 σύντασις
1264 2025 1382 2102 τῆς
1428 2024 1823 2103 φλεγμονῆς.
1916 2019 2074 2094 τοὺς
2128 2011 2255 2082 οὖν
2296 2038 2414 2079 τοι-
2519 2016 2520 2021 ’

409 2122 652 2199 ούτους
697 2125 820 2206 χρὴ
870 2125 1102 2188 ἰᾶσθαι
1148 2134 1226 2209 τῇ
1273 2134 1533 2209 κηρωτῇ
1581 2124 1690 2189 καὶ
1735 2136 1914 2190 τοῖσι
1956 2127 2274 2209 σπλήνεσι
2317 2117 2413 2185 καὶ
2519 2148 2522 2183 ;

553 2356 580 2402 1
620 2353 993 2421 λελειμαγχημ.
1022 2352 1069 2405 Β
1087 2352 1178 2418 1Γ,
1215 2354 1352 2406 mut.
1391 2352 1452 2405 in
1488 2371 1948 2423 -μαγχονημενων
1975 2350 2074 2419 B⁸‚
2111 2318 2409 2422 λελιμαΞημ.

406 2421 492 2488 Μ,
529 2425 882 2492 λελιμαμχημ.
922 2422 974 2476 V
1056 2422 1116 2476 αἱ
1151 2442 1196 2476 τ.
1235 2427 1383 2478 λεπτ.
1423 2422 1571 2476 Erm.
1608 2425 1675 2476 ut
1711 2423 1961 2477 scholion
2000 2422 2170 2476 eiecit
2297 2428 2326 2474 2
2362 2417 2414 2472 αἱ

407 2509 513 2547 om.
550 2493 664 2548 ΒΓ
784 2500 815 2547 3
855 2489 966 2548 οῖσι
996 2538 1007 2549 .
1041 2538 1051 2547 .
1085 2535 1095 2550 .
1127 2494 1405 2619 nequeenim..
1438 2497 1550 2564 (pg.
1584 2500 1702 2560 125,
1732 2497 1785 2561 9)
1824 2511 1929 2548 om.
1970 2497 2023 2547 Γ
2101 2490 2276 2547 ὅσοισι
2308 2488 2415 2544 MV

478 2564 582 2634 ξυμ
618 2564 703 2632 Μ,
740 2565 841 2630 ξὺν
880 2567 984 2618 cet.
1060 2565 1153 2619 ἐπι
1192 2608 1201 2618 .
1296 2609 1309 2633 ,
1345 2563 1708 2636 ’ὑπογείνηται
1743 2566 1789 2618 Β
1933 2570 1964 2618 ὅ
2014 2565 2137 2632 &mm
2176 2562 2319 2619 Erm,
2356 2577 2413 2614 ex

405 2634 528 2689 Par.
567 2634 649 2688 N²
775 2637 826 2691 εἰ
869 2635 943 2704 μὴ
999 2635 1105 2689 del.
1144 2586 1228 2688 {³
1353 2635 1454 2705 μὲν
1498 2653 1600 2704 pro
1637 2636 1709 2705 μὴ
1745 2636 1893 2689 Erm.
2057 2632 2092 2704 ἢ
2131 2652 2200 2689 εει.
2239 2633 2288 2687 V

408 2712 439 2758 6
477 2704 830 2777 ὑπογείνοιτο
869 2707 939 2773 Β,
980 2703 1270 2776 ὑπεγίνετο
1308 2707 1391 2773 Μ,
1430 2706 1726 2776 ὑπεγένετο
1764 2707 1815 2761 V
1887 2707 2014 2776 περὶ
2050 2706 2124 2775 μὴ
2166 2708 2413 2774 φλεγμαι-

407 2776 622 2832 νόντων
659 2777 822 2848 ὤμων
867 2778 929 2832 in
974 2778 1128 2833 calce
1174 2778 1467 2833 columnae
1511 2779 1572 2832 M
1726 2784 1755 2831 7
1815 2776 1949 2833 ὅταν
1986 2777 2170 2844 codd„
2207 2774 2278 2831 ἂν
2311 2775 2413 2828 iam

402 2848 538 2913 Lit'o.
576 2850 892 2918 proposuit,
935 2847 1064 2904 Οῖσι
1143 2892 1152 2903 .
1193 2869 1259 2917 ο.,
1300 2846 1435 2904 ὅταν
1474 2850 1513 2904 ἐ.
1544 2870 1589 2904 τ.
1620 2849 1693 2916 ἄ.,
1730 2850 1803 2919 μὴ
1842 2846 2258 2919 ἐπιφλεγμαίνει
2291 2846 2409 2899 Litt.

406 2919 467 2971 in
503 2921 684 2986 fiextu,
735 2917 854 2974 ὅσοι
890 2941 941 2988 μ.
974 2940 1039 2989 ο.,
1107 2941 1212 2974 ταν
1250 2920 1292 2976 ἐ.
1330 2941 1376 2975 τ.
1417 2921 1468 2975 ἄ.
1508 2920 1606 2974 καὶ
1642 2942 1694 2990 μ.
1736 2921 1776 2975 ἐ.
1814 2920 1981 2986 Em„
2019 2920 2172 2973 idem
2207 2938 2264 2973 τε
2296 2916 2413 2985 post

442 3009 489 3056 ρ.
521 2990 629 3044 del.
748 2997 779 3044 9
819 2991 1059 3046 δύναται
1086 2992 1149 3058 Β,
1190 3012 1385 3046 -ανται
1422 2993 1556 3058 cet„
1593 3012 1794 3047 -ωνται
1831 2991 1958 3045 Wb.
2033 2992 2154 3045 αὐτ.
2192 3010 2237 3043 τ.
2274 2988 2329 3041 ὤ.
2366 2988 2410 3040 δ.

478 3059 530 3112 V
639 3063 770 3116 οὐδὲ
809 3062 854 3115 Β
965 3067 1031 3114 10
1072 3062 1151 3117 ἔτι
1188 3067 1309 3118 δειν
1346 3063 1429 3116 Βι
1464 3064 1600 3117 mut.
1640 3062 1701 3116 in
1738 3064 1953 3118 ἐπιδεῖν
1990 3061 2074 3115 13⁸
2147 3057 2410 3129 νομίζουσι

392 3132 530 3186 ,δεῖν
561 3131 780 3189 ἑωυτῶν
810 3132 954 3201 ἐπιμ.
990 3132 1127 3200 MV,
1163 3154 1247 3202 γρ.
1287 3137 1411 3190 δεῖν
1440 3133 1660 3189 ἑωυτῶν
1691 3132 2079 3202 ἐπιμελέεσθαι
2107 3133 2144 3187 i.
2172 3150 2243 3185 m.
2271 3129 2342 3183 B²

409 3208 473 3255 11
512 3202 812 3267 τοιουτέων
848 3204 895 3256 Β
1024 3209 1088 3256 12
1128 3205 1220 3257 καὶ
1262 3201 1422 3266 αὖτις
1455 3205 1544 3258 bis
1580 3206 1670 3271 B1,
1707 3207 1843 3259 mut.
1881 3224 1912 3258 τ
1949 3205 2010 3257 in
2046 3208 2094 3258 θ
2128 3203 2213 3257 Β3
2279 3199 2311 3269 ἢ
2346 3212 2407 3252 SS-

405 3273 482 3326 B⁸
508 3324 511 3329 ,
553 3270 663 3327 οἷσι
699 3274 759 3325 M
868 3278 933 3326 15
974 3276 1104 3326 ante
1134 3274 1209 3328 ὀλ.
1242 3275 1370 3329 add.
1401 3278 1498 3330 καὶ
1525 3276 1645 3330 MV
1718 3274 1994 3330 ὀλισθαίν.
2024 3276 2090 3328 ut
2118 3273 2332 3343 saepius
2358 3267 2410 3322 Μ

442 3438 446 3442 ι
481 3362 567 3438 οἷς
591 3376 638 3427 Β
709 3378 840 3442 post
876 3377 1058 3445 ἐπιφλ.
1089 3379 1216 3432 add.
1254 3380 1326 3433 τὰ
1354 3389 1526 3449 νεῦρα
1554 3382 1674 3435 MV
1784 3387 1849 3434 16
1889 3364 2131 3436 δύνοῗται
2162 3382 2245 3447 Μ,
2278 3399 2310 3433 ν
2346 3393 2405 3430 ss·

409 3446 507 3498 M*
576 3443 716 3515 χρέε.
754 3445 876 3499 MV
1019 3453 1083 3500 17
1131 3448 1279 3512 ξύντ.
1320 3452 1479 3505 codd.
1599 3457 1695 3506 ⁴18
1732 3453 1936 3506 ἰᾶσθαι
1971 3453 2044 3519 Β,
2102 3453 2175 3521 ἰῆ.
2214 3452 2309 3505 cet.
2411 3512 2417 3517 ,

413 3517 449 3569 ἰ.
499 3536 581 3585 χρ.
620 3514 740 3568 MV
812 3524 878 3586 τῇ
918 3519 976 3571 et
1008 3527 1152 3572 τοῖσι
1189 3536 1293 3572 om.
1335 3520 1455 3573 MV
1529 3522 1817 3590 σπλήνοισι
1854 3523 1905 3576 V
