2588 3876
710 166 1105 218 ΜΟΧΑΙΚΟΝ
1145 169 1226 218 11.
1260 169 1342 218 12.
1376 169 1457 218 13.
1491 170 1572 219 14.
1605 170 1670 219 15
1726 210 1745 229 .
2070 164 2202 229 253

182 326 507 412 ἐγγύτατα
560 331 827 412 πήχεος,
882 328 1197 412 δεύτερον
1250 330 1495 414 χειρός,
1557 330 1786 413 τρίτον
1840 325 2200 393 δακτύλων.

183 437 478 521 βραχίων
534 435 609 498 δὲ
662 432 772 499 καὶ
827 429 1003 515 ὦμος
1056 432 1530 519 ἐγκρατέστερα
1583 436 1696 499 διὰ
1749 435 1872 518 τὴν
1916 438 2200 519 τροφήν·

176 542 221 625 ’ἡ
268 540 329 606 δ’
376 539 562 627 ἑτέρη
608 538 750 626 χεὶρ
807 541 919 607 διὰ
971 542 1052 605 τὰ
1107 543 1268 626 ἔργα
1321 543 1522 607 πλείω
1571 544 1668 607 ἔτι
1712 540 2199 628 ἐγκρατεστέρη.

177 649 541 733 μινύθησις
587 644 660 712 δὲ
706 659 999 733 σαρκῶν,
1046 649 1106 712 εἰ
1140 644 1263 728 μὲν
1300 645 1421 726 ἔξω
1460 646 1780 732 ἐξέπεσεν,
1827 645 1984 713 ἔσω·
2031 650 2090 714 εί
2128 645 2202 714 δὲ

180 759 300 840 μή,
347 753 415 833 ἐς
458 755 855 820 τούναντίον
898 754 1025 838 <ἢ>
1067 748 1110 839 ᾗ
1156 752 1473 832 ἐξέπεσεν.
2256 785 2280 826 5
2373 827 2381 835 ,

317 861 419 926 12.
475 859 730 945 Ἀγκὼν
776 857 850 925 δὲ
896 861 980 944 ἢν
1024 857 1146 943 μὲν
1190 857 1320 925 ἔσω
1358 862 1398 946 ἢ
1443 858 1564 939 ἔξω
1613 860 1800 948 ἐκβῇ,
1856 862 2204 938 κατάτασις

178 965 303 1053 μὲν
352 967 424 1033 ε’ν
469 971 747 1053 σχήματι
793 966 1089 1055 ἐγγωνίῳ
1134 975 1225 1055 τῷ
1272 971 1462 1052 πήχει
1522 968 1780 1055 [κοινῷ]
1836 969 1998 1054 πρὸς
2042 971 2204 1054 βρα-

179 1077 399 1161 χίονα·
446 1075 555 1139 καὶ
581 1074 923 1159 μασχάλην
948 1069 1071 1154 μὲν
1099 1074 1454 1158 ἀναλαβὼν
1489 1077 1706 1160 ταινίῃ
1736 1074 2201 1160 ἀνακρεμάσαι,

179 1182 432 1266 ἀγκῶνι
480 1177 554 1246 δὲ
599 1183 779 1269 ἄκρῳ
815 1181 1095 1256 ὑποθείς
1130 1205 1195 1245 τι
1230 1183 1410 1267 παρὰ
1438 1183 1526 1251 ,τὸ
1565 1184 1827 1268 ἄρθρον
1860 1182 2065 1267 βάρος
2101 1180 2204 1246 ἐκ·

170 1289 505 1374 κρεμάσαι
550 1288 592 1372 ἢ
636 1289 822 1374 χερσὶ
866 1289 1372 1371 καταναγκάσαι.
1462 1288 2083 1374 ὑπεραιωρηθέντος
2127 1285 2203 1353 δὲ
2232 1319 2317 1380 ιο.

179 1405 302 1461 τοῦ
351 1396 615 1481 ἄρθρου
672 1396 741 1459 αἱ
796 1393 1186 1481 παραγωγαὶ
1239 1405 1415 1460 τοῖσι
1470 1394 1798 1481 θέναρσιν
1852 1396 1941 1473 ὡς
1993 1397 2075 1460 τὰ
2128 1394 2203 1461 ἐν

183 1504 432 1587 χερσίν.
514 1499 803 1578 ἐπίδεσις
858 1500 934 1567 ἐν
986 1503 1200 1589 τούτῳ
1255 1509 1349 1589 τῷ
1396 1502 1672 1585 σχήματι
1727 1504 1836 1567 καὶ
1881 1502 2204 1653 ἀνάληψις

180 1609 290 1673 καὶ
338 1607 545 1684 θέσις.

322 1714 422 1778 13.
496 1715 590 1778 Τὰ
633 1713 695 1779 δ’
742 1716 1028 1780 ὄπισθεν
1081 1714 1396 1799 ἐξαίφνης
1440 1648 1816 1781 ἐκτείνοντα
1873 1658 2204 1801 διορθοῦν

180 1831 359 1886 τοῖσι
392 1819 719 1906 θέναρσιν
755 1821 886 1906 ἅμα
925 1821 1055 1906 [δὲ]
1096 1823 1200 1886 δεῖ
1234 1820 1310 1887 ἐν
1344 1830 1424 1907 τῇ
1453 1822 1814 1906 διορθώσει
1850 1820 1959 1886 καὶ
1987 1832 2204 1886 τοῖσιν
2232 1850 2281 1891 15

182 1926 525 2013 ἑτέροισιν.
591 1927 676 2012 ἢν
705 1924 778 1993 δὲ
816 1931 1137 2013 πρόσθεν,
1175 1927 1345 2013 ἀμφὶ
1384 1926 1665 1994 ὀθόνιον
1702 1927 2204 2011 συνειλιγμένον

181 2036 468 2117 εὔογκον
514 2036 1023 2119 συγκάμπτοντα
1068 2036 1200 2118 ἅμα
1246 2037 1717 2122 διορθοῦσθαι.

253 2176 255 2179 >
321 2142 422 2206 14.
476 2138 607 2207 Ἢν
652 2139 712 2206 δ’
759 2139 1164 2227 ἑτεροκλινὲς
1208 2136 1278 2229 ᾗ,
1335 2141 1411 2207 ἐν
1454 2152 1539 2228 τῇ.
1589 2143 1950 2229 διορθώσει
1995 2142 2206 2227 ἀμφό-

171 2269 340 2332 τερα
387 2248 520 2331 άμα
578 2249 701 2333 χρὴ
756 2260 999 2320 ποιεῖν·
1067 2259 1184 2332 τῆς
1237 2250 1314 2314 δὲ
1365 2249 1633 2333 μελέτης
1686 2249 1919 2315 κοινὸν
1973 2248 2083 2314 καὶ
2128 2251 2203 2314 τὸ

131 2377 144 2381 ·
184 2363 401 2437 σχῆμα
447 2355 557 2418 καὶ
601 2355 642 2438 ἡ
688 2353 996 2431 ἐπίδεσις.
1089 2357 1368 2425 δύναται
1424 2351 1497 2419 δὲ
1551 2356 1662 2420 καὶ
1707 2353 1780 2419 ἐκ
1823 2365 1939 2484 τῆς
1984 2356 2205 2420 διατά-
2233 2383 2286 2422 20

186 2479 332 2537 σιος
376 2470 567 2546 κοινῇ
614 2464 1011 2546 συμπίπτειν
1055 2463 1285 2528 πάντα.
1327 2460 1337 2548 Ι
1548 2465 1551 2468 ’
1592 2486 1599 2490 ·

326 2565 427 2631 15.
502 2571 648 2632 Τῶν
712 2566 771 2632 δ’
831 2566 1188 2652 ἑμβολέων
1223 2569 1291 2632 αἱ
1356 2564 1478 2650 μὲν
1536 2566 1603 2645 ἐξ
1668 2568 2188 2654 ὑπεραιωρήσιος
2207 2586 2310 2635 358

188 2672 645 2758 ἐμβάλλονται,
675 2675 743 2739 αῑ
764 2674 839 2739 δὲ
866 2673 939 2739 ἐκ
967 2675 1376 2757 κατατάσιος,
1406 2676 1474 2739 αῑ
1504 2671 1578 2739 δὲ
1605 2672 1679 2739 ἐκ
1704 2677 2202 2760 περισφάλσιος·

194 2905 291 2957 λον
329 2832 535 2954 11181ήέ
568 2830 697 2955 ἐῖσῶ
725 2827 950 2955 {ggdf’
982 2831 1131 2970 vglg
1143 2848 1388 2969 αὲῒιάῗ,
1420 2831 1585 2956 ἔὲθπ.
1593 2831 1795 2971 ἐᾶβθο
1800 2837 1912 2974 ἐῗιβ.
1954 2830 2206 2957 αδζῖπυ

179 2979 223 3026 v6
263 2973 366 3027 ἔσω
403 2969 440 3040 ἢ
478 2972 578 3038 ἔξω
617 2972 700 3039 Μ,
741 2973 846 3036 ἔξω
879 2992 914 3040 η
953 2973 1055 3028 ἔσω
1095 2972 1241 3042 vulg.
1318 2973 1507 3027 κατάτ.
1537 2924 1696 3028 Hebe
1711 2993 1768 3028 π.
1801 2975 1871 3041 ἀρ
1874 2977 1934 3028 θ.
1966 2973 2006 3027 ἐ.
2047 2991 2092 3028 ο.
2120 2980 2205 3041 22,

189 3043 415 3097 κατάστ.
453 3043 601 3113 vulg.
760 3049 788 3097 7
837 3048 1012 3134 κοινῷ
1047 3063 1092 3097 τ.
1130 3046 1297 3116 πήχει
1341 3044 1474 3098 Litt.
1513 3043 1611 3113 Pq.
1729 3049 1902 3120 κοινῷ
1940 3044 2046 3099 del.
2076 3044 2203 3098 Wb.

262 3119 295 3167 8
333 3114 506 3183 καὶμ
509 3061 659 3185 ,μὲν
688 3114 775 3182 Μ,
813 3114 915 3183 τὴν
951 3099 1058 3185 γὰρ
1096 3136 1148 3184 μ.
1180 3066 1302 3185 (μὲν
1337 3119 1468 3186 om.)
1495 3115 1590 3168 vul
1732 3135 1844 3172 τινι
1878 3133 1980 3206 pro
2016 3114 2205 3187 ταινίῃ

191 3184 252 3238 Μ
358 3187 662 3274 ἀνακρεμμ.
702 3186 760 3240 et
796 3185 1048 3256 ἐκκρεμμ.
1087 3187 1146 3239 Μ
1289 3192 1321 3239 9
1359 3206 1413 3240 τι
1450 3202 1556 3241 om.
1593 3134 1655 3240 {I
1759 3187 1916 3255 παρὰ
1952 3186 2016 3242 δὲ
2049 3187 2114 3242 τὸ
2151 3190 2204 3240 ἀ.

190 3256 250 3309 Μ
353 3254 846 3324 lohinmeol.
884 3257 944 3310 M
1071 3262 1137 3311 15
1173 3256 1356 3326 θέναρ
1359 3259 1510 3312 σιΜ
1609 3259 1718 3330 [δὲ]
1758 3258 1919 3329 οῙΗΡ
1954 3264 2135 3326 144,2

195 3333 261 3381 16
299 3330 601 3397 συνειλεγμ.
632 3328 820 3395 οο(1(1.,
860 3345 998 3383 corr.
1035 3328 1133 3397 Pq.
1147 3371 1161 3395 ,
1209 3328 1280 3382 cf.
1321 3346 1489 3399 supra
1516 3346 1562 3383 ο.
1579 3331 1624 3382 9
1654 3332 1713 3383 et
1737 3349 1793 3384 π.
1835 3331 1945 3400 ἀγμ
1950 3347 2036 3385 ..ο
2060 3302 2134 3382 '42

195 3404 258 3451 17
298 3399 436 3468 ξυγκ
368 3419 451 3468 yn.
491 3398 650 3452 codd.
798 3371 865 3453 18
905 3399 1343 3467 ἑτεροκαινὲςΜ
1487 3406 1553 3453 19
1590 3399 1803 3455 ποιέειν
1840 3401 2000 3456 codd.
2109 3401 2208 3454 καὶ

191 3468 628 3523 MDFHIJKU
666 3470 757 3540 (cf.
786 3489 844 3524 π.
875 3470 1009 3539 αρθ.
1039 3471 1155 3542 ἔμβ.
1194 3488 1241 3525 ο.
1271 3473 1361 3541 24)
1397 3471 1524 3539 Pq.,
1562 3486 1668 3525 om.
1699 3473 1803 3526 cet.
1915 3477 1982 3524 20
2019 3461 2082 3526 δὲ
2109 3471 2207 3525 καὶ

192 3539 266 3607 Μ,
298 3560 404 3610 γαρ
437 3541 559 3605 cet„
580 3539 650 3593 cf.
671 3559 727 3595 π.
750 3541 884 3610 ἄρθ.
906 3543 1024 3613 ἐμβ
1044 3560 1088 3596 ο.
1113 3549 1180 3596 24
1253 3547 1338 3595 20.
1360 3549 1426 3596 21
1449 3541 1846 3605 διαστάσιοςΜ
1944 3547 2009 3595 21
2033 3542 2203 3611 Ὴξυμπ
