2588 3876
601 178 775 228 ΠΕΡΙ
809 177 1100 230 ΑΡΘΡΩΝ
1135 179 1495 229 monn:
1532 182 1617 230 ετ.
1648 183 1715 230 58
2046 178 2177 240 203

180 335 327 421 σὰρξ
371 336 791 423 λαπαρωτέρη
850 333 1021 403 εἶναι
1075 336 1228 403 ποτὶ
1286 338 1398 404 καὶ
1455 339 1828 424 ψαυομένη,
1886 341 1999 405 ἅτε
2055 350 2176 405 τοῦ

181 445 431 528 ἄρθρου
488 443 556 521 ἐς
609 446 689 509 τὰ
743 443 850 510 ἐπὶ
905 446 1157 530 θάτερα
1211 446 1664 529 ὠλισθηκότος
1721 445 1910 532 μέρη·
1951 448 1960 531 Ι
2001 448 2163 512 κατὰ
2180 463 2284 511 248

178 551 242 614 δὲ
282 551 437 619 αὐτὸ
484 554 559 617 τὸ
602 561 893 635 πυγαῖον
940 553 1394 636 διαψαυομένη
1433 553 1473 636 ἡ
1510 555 1763 638 κεφαλὴ
1800 562 1920 619 τοῦ
1957 563 2174 637 μηροῦ

176 658 342 722 δοκεῖ
404 656 705 741 ἑξογκεῖν
766 664 1039 743 μᾶλλον.
1137 661 1219 723 τὰ
1279 656 1403 745 μὲν
1456 670 1691 744 σημεῖα
1748 659 1931 726 ταῦτ’
1993 659 2176 726 ἐστίν

171 756 219 851 ᾧ
254 763 335 828 ἂν
380 764 448 841 ἐς
492 767 864 831 τοῦπισθεν
909 765 1287 852 ἐκπεπτώκῃ
1327 767 1362 832 ὁ
1400 770 1623 851 μηρός.
2230 794 2255 833 5

289 872 389 936 58.
438 870 605 959 Ὅτῳ
652 868 776 957 μὲν
816 867 941 937 οὖν
985 871 1071 937 ἂν
1105 873 1551 961 τετελεωμένςῡ
1588 875 1714 957 ἤδη
1753 872 2050 939 ἐκπεσὼν
2086 876 2174 959 μὴ

163 974 425 1063 ἐμπέσῃ,
472 979 858 1062 ὁδοιπορεῖν
902 980 1026 1063 μὲν
1062 980 1370 1063 δύναται,
1419 980 1580 1045 ὅταν
1625 979 1661 1045 ὀ
1708 983 1949 1064 χρόνος
1993 979 2176 1065 ἐγγέ-

167 1107 341 1167 νηται
399 1084 512 1150 καὶ
572 1086 613 1169 ἡ
675 1085 884 1169 ὀδύνη
945 1087 1274 1169 παύσηται
1333 1085 1443 1152 καὶ
1497 1084 1747 1173 ἐθισθῇ
1793 1088 1867 1151 τὸ
1913 1087 2177 1172 ἄρθρον

161 1187 231 1254 ἐν
270 1201 345 1277 τῇ
392 1191 589 1278 σαρκὶ
637 1191 1177 1277 ἐνστρωφᾶσθαι·
1239 1193 1666 1277 ἀναγκάζεται
1721 1194 1946 1279 μέντοι
1992 1195 2175 1277 ἰσχυ-

163 1308 281 1379 ρῶς
325 1299 772 1382 συγκάμπτων
821 1300 986 1364 κατὰ
1038 1303 1196 1376 τοὺς
1238 1303 1589 1383 βουβῶνας
1634 1301 2018 1384 ὁδοιπορεῖν
2062 1302 2176 1364 διὰ
2202 1326 2255 1364 ιο

162 1404 381 1482 δισσὰς
426 1405 834 1490 προφάσιας,
881 1407 1015 1490 ἅμα
1059 1407 1184 1490 μὲν
1229 1407 1332 1471 ὅτι
1378 1413 1603 1495 πολλῷ
1642 1409 2053 1492 βραχύτερον
2097 1408 2172 1471 τὸ

161 1510 378 1588 σκέλος
424 1516 678 1594 γίνεται
724 1513 837 1577 διὰ
871 1514 952 1577 τὰ
989 1514 1459 1598 προειρημένα,
1507 1515 1616 1578 καὶ
1652 1524 1729 1599 τῇ
1766 1510 1892 1596 μὲν
1927 1513 2172 1599 πτέρνῃ

158 1616 257 1681 καὶ
300 1620 482 1683 πάνυ
530 1625 783 1684 πολλοῦ
832 1620 1041 1684 δεῖται
1094 1621 1339 1696 ψαύειν
1383 1630 1499 1703 τῆς
1544 1630 1691 1704 γῆς·
1757 1622 1816 1685 εἰ
1862 1621 1988 1704 γὰρ
2034 1641 2173 1684 πει-

159 1726 422 1806 ρήσαιτο
471 1723 579 1790 ἐπὶ
626 1725 861 1809 ὀλίγου
915 1735 1037 1790 τοῦ
1083 1727 1292 1802 ποδὸς
1338 1727 1668 1810 ὀχηθῆναι
1712 1725 1947 1811 μηδενὶ
1994 1728 2172 1812 ἄλλω

155 1829 789 1916 (ἐπιστηριζόμενος,
846 1831 914 1908 ἐς
967 1833 1261 1898 τούπίσω
1319 1831 1404 1896 ἂν
1456 1832 1673 1898 πέσοι·
1728 1832 1769 1916 ἡ
1825 1834 1951 1916 γὰρ
1999 1831 2170 1917 ῥοπὴ
2201 1855 2252 1895 15

155 1942 353 2023 πολλὴ
402 1937 489 2003 ἂν
536 1945 634 2023 εἴη
682 1951 817 2005 τῶν
865 1941 1095 2024 ἰσχίων
1140 1938 1209 2017 ἐς
1252 1940 1548 2006 τούπίσω
1586 1937 1695 2006 ἐπὶ
1731 1941 1904 2005 πολὺ
1941 1938 2172 2023 ὑπερε-

156 2048 401 2127 χόντων
447 2046 616 2130 ὑπὲρ
662 2055 784 2111 τοῦ
830 2047 1039 2123 ποδὸς
1086 2056 1201 2130 τῆς
1245 2048 1478 2130 βάσιος
1521 2049 1632 2112 καὶ
1677 2057 1791 2132 τῆς
1836 2046 2062 2132 ῥάχιος
2106 2044 2174 2123 ἐς

155 2153 225 2215 τὰ
280 2156 461 2237 ἰσχία
517 2152 862 2238 ῥεπούσης.
960 2157 1153 2235 μόλις
1208 2150 1283 2218 δὲ
1337 2162 1429 2240 τῷ
1489 2158 1724 2237 στήθει
1781 2162 1903 2219 τοῦ
1964 2154 2173 2230 ποδὸς

152 2266 559 2324 καθικνεῖται
603 2258 714 2325 καὶ
762 2256 921 2324 οὐδὲ
968 2260 1205 2343 οὕτως,
1251 2259 1338 2343 ἢν
1380 2262 1468 2344 μὴ
1514 2260 1738 2346 κάμψῃ
1777 2260 1974 2337 αὐτὸς
2011 2257 2173 2324 ἑωυ-

286 2493 315 2541 1
355 2504 494 2541 ποτε
531 2488 635 2556 Ap.
747 2487 875 2542 οὔτε
911 2504 1013 2556 pro
1051 2487 1148 2542 ἅτε
1185 2487 1237 2540 V
1344 2488 1484 2543 ἅτε.
1564 2504 1781 2558 ,χπροσ
1783 2491 1997 2555 ρῆσθαι
2027 2488 2178 2560 αὐτῷ

149 2558 217 2626 (Ρ.
247 2564 368 2623 206,
391 2561 446 2627 9)
485 2574 593 2612 om.
634 2562 687 2612 Γ
788 2565 820 2612 2
860 2557 941 2622 εἰς
977 2558 1036 2611 Μ
1116 2559 1173 2621 ἐς
1207 2558 1278 2613 τὰ
1316 2576 1423 2613 om.
1461 2531 1564 2628 Ap.
1650 2559 1743 2613 ἐπὶ
1777 2558 1847 2613 τὰ
1876 2557 1947 2613 ἔτ.
1988 2543 2167 2612 dama.

45 2623 46 2636 ¹
148 2628 295 2698 (μέρη
327 2632 459 2698 om.)
486 2630 591 2698 Ap.
704 2635 734 2682 3
773 2630 946 2683 αὑτοῦ
983 2630 1087 2699 Ap.
1196 2636 1230 2682 4
1268 2628 1451 2685 δοκέει
1488 2629 1649 2683 codd.
1722 2632 1852 2699 post
1879 2631 1998 2684 δοκ.
2038 2628 2168 2682 add.

45 2679 48 2764 3[
149 2718 196 2751 a
229 2700 316 2754 Μ’
353 2701 437 2771 (in
473 2700 687 2770 rasol)
725 2700 777 2753 v
804 2701 907 2794 Ag
992 2701 1117 2770 §.goy
1118 2698 1267 2755 κέειν
1306 2701 1466 2755 codd
1541 2703 1675 2754 ante
1712 2704 1863 2770 μᾶλλ
1904 2700 2033 2754 add
2072 2701 2171 2753 καὶ

149 2769 260 2824 MV
302 2773 546 2858 Ροεῢμ
550 2772 611 2826 ὲν
656 2703 784 2826 gdd.
825 2772 1008 2827 ουνΨ
1086 2781 1262 2826 ταῦτα
1289 2772 1524 2841 MVAP·
1613 2772 1760 2826 ἐστὶν
1797 2789 1903 2826 ⁰¹¹¹
1934 2769 2167 2839 MVAP

214 2849 243 2895 5
291 2834 366 2917 ᾧν
404 2843 449 2895 Β
522 2842 586 2897 τὸ
627 2841 715 2896 ὄπ.
756 2842 986 2912 ΜΨΑΡ.
1063 2842 1092 2896 ὁ
1131 2842 1304 2937 μηρός
1341 2861 1446 2897 om.
1484 2844 1589 2934 Ap.
1712 2847 1742 2895 6
1783 2834 1958 2916 ᾧΑΡ.
1996 2859 2050 2910 p.
2082 2847 2167 2907 25,

45 2883 48 2918 f
150 2908 275 2986 ὅτεῳ
300 2898 429 2983 Ap.
477 2932 529 2983 p.
571 2918 639 2966 30
688 2913 935 2968 Schoene
1078 2911 1150 2968 ἂν
1189 2911 1292 2968 οὖν
1329 2914 1413 2979 Μ,
1481 2911 1554 2967 αν
1591 2930 1697 2968 om.
1736 2898 1897 2983 ΒΆΡ.
1934 2931 1989 2982 p.
2021 2917 2089 2966 30

45 2993 46 3028 ἶ
146 2988 412 3054 τετελιωμ.
470 2985 546 3050 Β,
612 2988 908 3054 τετελειωμ.
967 2986 1070 3039 cet.
1218 2984 1455 3040 ἐκπεσὸν
1500 2985 1559 3038 Μ
1739 2990 1769 3037 7
1818 2982 2170 3052 ὁδοιπορέειν

151 3055 306 3109 codd.
420 3060 698 3111 δύνανται
734 3056 894 3126 ΒΑΡ.
1005 3055 1035 3109 ὁ
1074 3073 1179 3109 om.
1219 3056 1380 3125 BAp.
1563 3062 1610 3110 7.
1642 3061 1674 3109 8
1723 3057 1833 3125 ἐνγ.
1871 3056 2032 3124 BAp.

47 3159 50 3162 >
145 3130 177 3176 9
212 3126 470 3195 ἐνστροφ.
508 3126 709 3192 ΒΜΨ,
758 3127 917 3195 ἐνστρ
920 3147 1010 3195 ωφ
1064 3126 1120 3180 N
1164 3127 1311 3181 Erm.
1350 3128 1449 3196 Pq.
1598 3132 1664 3180 10
1709 3125 2069 3197 συγκάμπτον
2105 3127 2169 3192 Β,

146 3214 475 3267 ενκαμπτων
511 3196 644 3267 ΑΡ.,
682 3197 1059 3268 ξυγκάμπτειν
1086 3198 1206 3252 ΜΨ
1234 3200 1338 3251 cet.
1449 3197 1684 3266 ὀδοιπορ
1689 3196 1794 3254 ἔων
1823 3198 2002 3264 codd„
2040 3201 2170 3253 οδο-

145 3285 366 3335 πορεειν
404 3269 507 3338 ΑΡ.
657 3274 722 3322 12
762 3269 936 3338 εἰρημ.
975 3269 1020 3321 Β
1168 3274 1232 3322 13
1272 3268 1459 3324 δέεται
1486 3269 1607 3322 MV
1715 3275 1781 3323 13
1820 3269 1870 3323 εἰ
1907 3268 2012 3339 γὰρ
2049 3288 2168 3324 πει-

146 3337 406 3406 ρήσαιτο.
467 3337 775 3409 .ρεπούσης
791 3343 901 3411 (18)
930 3342 1059 3409 poet
1087 3338 1309 3430 μόλις..
1335 3339 1510 3394 ,κατὰ
1537 3341 1600 3395 τὸ
1631 3337 1810 3411 ἰσχίον
1839 3342 1913 3409 (Ρ.
1935 3344 2058 3405 204,
2080 3341 2168 3406 11)

145 3410 769 3480 transpos.Litt.E1-m.
919 3417 987 3464 14
1025 3408 1212 3481 ὀλίγον
1239 3411 1291 3464 V
1438 3416 1504 3464 15
1539 3412 1604 3466 τὸ
1634 3361 1722 3465 ὀπ.
1752 3411 1872 3465 MV
2016 3416 2083 3463 16
2118 3428 2168 3462 τ.

147 3479 246 3550 ἰσχ.
288 3483 381 3536 ἐπὶ
415 3482 560 3536 πολὺ
597 3483 655 3542 ἐς
691 3502 744 3535 τ.
776 3482 897 3535 MV
1044 3487 1107 3535 19
1160 3479 1525 3536 καθικνέεται
1570 3481 1729 3537 codd.
1851 3482 1901 3535 εἰ
1945 3497 2046 3548 pro
2095 3477 2169 3546 ἢν

143 3502 262 3604 ΜχΨ
369 3552 582 3622 κάμψει
620 3552 670 3605 V
