2588 3876
669 149 844 199 ΠΕΡΙ
878 148 1169 201 ΑΡΘΡΩΝ
1205 148 1565 198 mom
1602 150 1687 200 45.
1719 150 1787 199 46
2115 146 2242 210 173

207 308 271 371 οὶ
313 308 480 389 μύες
518 307 648 373 άπὸ
690 317 811 373 τοῦ
850 306 1127 393 αὐχένος
1164 305 1540 393 ἀρξάμενοι,
1587 308 1739 393 ἄχρι
1774 316 1890 390 τῆς
1924 309 2226 393 προσφύ-
2247 325 2349 373 194

209 429 350 490 σιος
386 423 528 479 τῶν
565 424 854 500 φρενῶν.
929 414 1096 497 αὐτὴ
1137 410 1211 478 δὲ
1246 414 1287 497 ἡ
1327 413 1513 499 ῥάχις
1540 416 1703 479 κατὰ
1729 423 1936 497 μῆκος
1975 416 2246 480 ἰθυσκό-

207 522 348 595 λιός
385 518 601 585 ἐστιν·
649 518 778 586 ἀπὸ
816 521 941 604 μὲν
976 528 1098 585 τοῦ
1140 520 1326 605 ἱεροῦ
1363 518 1598 584 ὀστέου
1628 521 1780 605 ἄχρι
1806 528 1928 585 τοῦ
1954 520 2244 603 μεγάλου

205 627 626 710 σφονδύλου,
671 624 828 712 παρ’
872 626 953 691 ὃν
986 626 1436 712 προσήρτηται
1470 637 1605 691 τῶν
1643 624 1928 691 σκελέων
1970 626 2012 709 ἡ
2048 628 2248 711 πρόσ-

204 747 438 816 φυσις,
518 733 673 818 ἄχρι
734 729 859 814 μὲν
929 732 1172 798 τούτου
1237 733 1453 817 κυφή·
1511 733 1740 808 κύστις
1803 755 1874 797 τε
1936 733 2064 818 γὰρ
2136 732 2248 796 καὶ
2303 759 2326 797 5

207 836 402 919 γοναὶ
449 837 565 903 καὶ
614 837 821 924 ἀρχοῦ
868 837 943 904 τὸ
993 835 1288 924 χαλαρὸν
1344 836 1419 902 ἐν
1463 839 1676 925 τούτῳ
1724 840 2031 903 ἔκτισται.
2121 837 2247 902 ἀπὸ

211 938 282 1006 δὲ
338 944 596 1008 τούτου
653 943 803 1030 ἄχρι
851 955 1123 1030 φρενῶν
1179 947 1667 1031 προσαρτήσιος
1713 944 2079 1029 ῑθυλόρδη,
2139 942 2248 1008 καὶ

211 1050 645 1135 παραφύσιας
705 1052 835 1134 ἔχει
906 1061 1097 1135 μυῶν
1164 1059 1363 1114 τοῦτο
1425 1058 1685 1135 μοῦνον
1741 1047 1818 1113 τὸ
1876 1052 2124 1135 χωρίον
2178 1048 2251 1114 ἐκ

206 1163 343 1219 τῶν
402 1152 699 1239 ἔσωθεν,
764 1155 842 1232 ἃς
902 1155 985 1241 δὴ
1044 1154 1358 1221 καλέουσι
1416 1158 1601 1234 ψόας.
1692 1154 1820 1219 ἀπὸ
1878 1155 1953 1220 δὲ
2004 1156 2249 1219 τούτου

214 1260 363 1345 ἄχρι
409 1269 539 1326 τοῦ
585 1262 876 1346 μεγάλου
917 1263 1307 1346 σφονδύλου
1353 1269 1474 1327 τοῦ
1520 1258 1689 1347 ὑπὲρ
1727 1272 1863 1326 τῶν
1898 1258 2251 1343 ἐπωμίδων
2279 1289 2330 1328 10

213 1366 556 1452 ἰθυκύφη·
617 1369 714 1433 ἔτι
760 1364 834 1432 δὲ
878 1371 1135 1452 μᾶλλον
1171 1367 1357 1432 δοκεῖ
1392 1370 1434 1451 ἥ
1470 1365 1670 1433 ἐστιν.
1742 1368 1783 1450 ἡ
1821 1368 1947 1453 γὰρ
1987 1368 2251 1432 ἄκανθα

212 1474 375 1537 κατὰ
423 1471 634 1557 μέσον
678 1473 1097 1557 ὑψηλοτάτας
1132 1475 1249 1549 τὰς
1284 1473 1608 1556 ἐκφύσιας
1644 1475 1777 1557 ἔχει
1813 1484 1949 1538 τῶν
1984 1471 2253 1555 ὀστέων,

213 1573 420 1644 ἔνθεν
470 1578 546 1644 δὲ
591 1578 701 1644 καὶ
747 1577 951 1644 ἔνθεν
998 1578 1337 1655 ἐλάσσους.
1412 1576 1573 1643 αὐτὸ
1623 1575 1696 1643 δὲ
1741 1577 1816 1642 τὸ
1866 1580 2130 1664 ἄρθρον
2174 1576 2249 1642 τὸ

215 1692 336 1749 τοῦ
375 1684 661 1768 αὐχένος
707 1686 955 1771 λορδόν
1004 1684 1204 1750 ἐστιν.
1246 1683 1255 1770 Ι

345 1790 458 1855 46.
505 1788 840 1856 Ὁπόσοισι
875 1788 1001 1875 μὲν
1037 1785 1163 1855 οὖν
1199 1791 1566 1874 κυφώματα
1594 1792 1847 1872 γίνεται
1877 1790 2041 1853 κατὰ
2076 1791 2235 1865 τοὺς
2258 1808 2358 1856 196

218 1897 683 1981 σφονδύλους,
730 1894 959 1975 ἔξωσις
1004 1893 1125 1982 μὲν
1170 1896 1422 1981 μεγάλη
1470 1894 1918 1983 ἀπορραγεῖσα
1965 1893 2091 1960 ἀπὸ
2138 1903 2254 1978 τῆς
2282 1924 2333 1965 16

221 2005 608 2089 συμφύσιος
643 2003 684 2087 ἢ
723 2001 870 2080 ἑνὸς
910 2004 1299 2088 σφονδύλου
1338 2002 1378 2085 ἢ
1415 2001 1526 2067 καὶ
1564 2004 1923 2085 πλειόνων,
1961 2001 2044 2067 οὐ
2082 2002 2256 2086 μάλα

217 2114 531 2175 πολλοῖσι
585 2112 870 2194 γίνεται,
926 2108 1070 2174 ἀλλ’
1121 2109 1468 2192 ὀλίγοισιν.
1571 2106 1730 2175 οὐδὲ
1784 2109 1911 2195 γὰρ
1967 2110 2047 2173 τὰ
2091 2109 2256 2194 τρω-

219 2238 391 2297 ματα
448 2215 530 2279 τὰ
595 2224 871 2281 τοιαῦτα
933 2216 1199 2301 ῥηίδιον
1254 2219 1592 2298 γίνεσθαι·
1660 2216 1812 2280 οὔτε
1866 2217 1992 2300 γὰρ
2051 2214 2117 2292 ἐς
2182 2216 2254 2279 τὸ

223 2318 340 2396 ἐξω
392 2318 768 2404 ἐξωσθῆναι
814 2320 1078 2407 ρηίδιόν
1126 2321 1327 2405 ἐστιν,
1375 2323 1434 2386 εἰ
1479 2322 1567 2405 μὴ
1606 2319 1678 2386 ἐκ
1713 2328 1834 2385 τοῦ
1874 2323 2256 2407 ἔμπροσθεν
2284 2348 2335 2387 20

226 2427 478 2516 ἰσχυρῷ
523 2451 657 2492 τινι
711 2430 998 2512 τρωθείη
1055 2428 1168 2491 διὰ
1221 2436 1338 2510 τῆς
1400 2430 1656 2510 κοιλίης
1703 2465 1787 2472 -—
1836 2427 2008 2491 οὕτω
2059 2426 2117 2491 δ’
2174 2427 2258 2492 ἂν

370 2626 401 2672 2
441 2628 552 2674 τῶν
582 2639 675 2686 φρ.
706 2635 811 2672 om.
844 2621 898 2671 Γ
909 2638 930 2671 1
951 2618 1007 2672 et
1025 2637 1084 2686 11,
1120 2618 1346 2686 punctis
1374 2618 1571 2671 inclus,
1604 2621 1660 2672 et
1688 2635 1758 2671 ss.
1786 2625 1885 2686 τῆς
1910 2625 2023 2672 τῶν
2053 2620 2257 2672 σκελῶν

228 2689 315 2757 Β3,
356 2691 410 2743 ἀ.
449 2709 495 2743 τ.
536 2709 630 2758 φρ.
667 2708 713 2742 τ.
750 2707 844 2757 πρ.
884 2688 1004 2742 MV
1126 2689 1267 2757 αὐτὴ
1304 2688 1499 2755 ΕΗΚ,
1556 2687 1697 2757 αὕτη
1734 2687 1911 2741 BMV
2018 2707 2163 2741 κατα
2199 2707 2259 2743 τε

228 2779 289 2814 το
327 2780 503 2830 μηκος
541 2764 618 2813 ΓΙ
763 2766 811 2813 2
845 2764 877 2812 3
915 2759 1018 2814 ἰθὺ
1056 2761 1287 2821 σκολιῶς
1325 2758 1400 2826 V,
1448 2759 1580 2814 εἰθὺ
1618 2762 1837 2822 σκολιος
1864 2762 1918 2812 Γ
1939 2778 1960 2811 1
1989 2760 2047 2812 eb
2074 2777 2118 2811 11
2236 2830 2247 2849 ς

234 2830 437 2970 {degne
442 2834 584 2967 '‘BIVI,
597 2831 838 2971 θξῖξὴ)
776 2903 838 2969 11)
860 2828 1171 2954 5θυλύηνιῖΞ
1024 2903 1160 2969 ρδης
1188 2903 1242 2952 Γ
1316 2835 1348 2883 6
1379 2829 1598 2971 ἔοῖχεέιΐν
1628 2829 1694 2954 ἕ
1693 2834 1782 2953 11⁷1
1822 2828 2261 2970 μυὲνίἑξξαΒζἹθιῖ

341 2977 372 3024 9
414 2971 514 3025 εἴσ.
554 2971 699 3038 MV,
739 2971 950 3035 ἔξωθεν
989 2975 1097 3024 ΓΠ
1177 2973 1309 3038 post
1347 2971 1420 3025 ἔσ.
1461 2988 1530 3024 ss,
1571 2970 1780 3040 μερέων
1817 2971 1892 3023 B⁴
1964 2968 2260 3026 καλέουσιν

234 3076 376 3131 ΒΓῙ
405 3079 463 3130 eb
490 3096 533 3129 11
638 3077 794 3147 ψύας
827 3076 949 3131 MV
1112 3082 1179 3129 10
1216 3075 1375 3148 μέχρι
1404 3079 1512 3129 ΓΠ
1658 3081 1721 3130 11
1762 3076 1966 3131 εἰθυκυ
1970 3059 2050 3146 (pff
2088 3077 2151 3143 B,
2190 3094 2260 3130 ss.

235 3146 331 3212 B³‚
372 3147 475 3201 ἰθυ
513 3147 667 3216 κύφη
695 3146 786 3200 V
827 3146 1013 3202 δοκέει
1049 3146 1227 3212 codd,
1268 3168 1328 3202 -ν
1360 3149 1583 3201 P1et11
1656 3147 1875 3202 ἔστινν
2010 3153 2075 3200 12
2114 3147 2234 3216 ὑψη
2241 3179 2264 3186 -

237 3220 468 3273 λοτατον
496 3218 586 3284 ΒῙ,
632 3221 769 3272 mut.
807 3218 870 3270 in
907 3216 1107 3280 -τάτας
1140 3217 1216 3270 B⁸
1296 3226 1408 3272 τῶν
1446 3217 1557 3271 ὀστ.
1598 3217 1656 3288 ἔχ
1659 3236 1709 3272 ει
1735 3217 1919 3271 MVI'
1984 3220 2114 3286 post
2152 3217 2240 3272 ἔε

240 3289 366 3342 add.
404 3297 517 3343 τῶν
553 3288 777 3357 punctis
814 3288 1012 3342 incluS.
1049 3288 1094 3341 B
1278 3293 1344 3341 13
1391 3288 1454 3342 τὸ
1502 3239 1656 3342 οιιὺοχ
1667 3296 1769 3342 τοῦ
1815 3304 1920 3341 om
1963 3291 2015 3341 Γ
2045 3290 2103 3340 et
2191 3287 2261 3339 al.

242 3374 434 3413 comm.
468 3363 571 3412 548
682 3364 749 3411 14
778 3359 891 3414 ἐστι
918 3359 978 3412 Μ
1088 3364 1154 3412 15
1185 3357 1474 3413 ὁκόσοισι.
1508 3401 1519 3412 .
1553 3358 1803 3430 ,βιησάμ
1805 3378 1933 3414 ενον
1963 3360 2037 3426 (p.
2070 3362 2188 3423 174,
2211 3360 2263 3423 9)

242 3445 343 3482 om.
394 3433 449 3483 Γ
517 3428 599 3483 dx.
638 3430 798 3484 codd.
939 3436 1005 3483 16
1043 3447 1259 3499 ραγησα
1296 3429 1366 3492 Β,
1406 3429 1519 3484 ἀπο
1556 3430 1592 3482 i.
1630 3448 1702 3483 m.
1741 3429 1816 3481 B²
1941 3433 2009 3480 20
2047 3426 2263 3496 ἐστιζνῖ)

242 3498 299 3551 Μ
444 3504 511 3550 21
552 3498 726 3563 οὕτως
759 3500 805 3552 Β
