2588 3876
722 77 897 128 ΠΕΡΙ
929 76 1221 129 Ape-›1291‹
1256 78 1616 128 ΕΜΒΟΛΗΣ
1655 81 1718 129 11
1878 46 1888 55 ’
2101 75 2228 140 129

199 236 289 320 μὴ
332 237 657 313 κίνδυνος
703 219 1018 321 φαίνηται
1064 232 1236 303 εἶναι
1293 248 1706 324 συρραγῆναι
1766 226 1881 315 τὰς
1939 237 2230 321 ὠτειλάς,

202 340 372 408 ἀλλὰ
416 345 594 408 πολὺ
641 344 716 408 τὸ
765 344 877 408 διὰ
921 342 1127 427 μέσου
1174 337 1246 431 ᾖ,
1303 344 1751 429 ὑπάλειπτρον
1808 346 1932 429 χρὴ
1989 346 2232 410 λεπτὸν

197 447 462 535 διέρσαι
518 449 631 517 διὰ
690 459 827 515 τῶν
888 446 1285 538 καυΙμάτων,
1350 448 1447 516 ἔτι
1502 449 2041 536 ἀναλελαμμένου
2088 459 2209 517 τοῦ
2234 466 2337 516 108

197 555 554 641 δέρματος·
602 557 684 621 οὐ
731 558 857 643 γὰρ
905 556 992 621 ἂν
1035 558 1250 633 ἄλλως
1298 557 1534 622 δύναιο
1583 556 1855 642 διέρσαι.
1945 557 2111 642 ἐπὴν
2155 558 2233 625 δὲ

198 662 496 748 διέρσῃς,
544 662 813 747 ἀφεῖναι
857 664 931 728 τὸ
956 745 959 752 ⁴
988 662 1225 748 δέρμα,
1271 666 1496 728 ἔπειτα
1548 667 1801 748 μεσηγὺ
1854 675 1989 730 τῶν
2044 663 2232 750 ἐσχα-
2285 688 2312 749 ε

197 769 381 854 ρέων
445 769 655 853 ἄλλην
716 769 1002 855 ἐσχάρην
1066 769 1419 855 ἐμβάλλειν
1491 775 1704 858 λεπτῷ
1772 771 2049 859 σιδηρίῳ
2121 768 2232 836 καὶ

198 877 582 961 διακαῦσαι,
637 878 789 963 ἄχρι
843 875 930 941 ἂν
982 884 1073 963 τῷ
1125 875 1549 965 ὑπαλείπτρςο
1596 876 1900 962 ἐγκύρσῃ.
1981 877 2233 944 ὁπόσον

201 983 286 1048 δέ
325 1006 392 1048 τι
436 984 561 1070 χρὴ
606 984 680 1049 τὸ
729 982 939 1069 δέρμα
984 982 1113 1048 ἀπὸ
1158 992 1274 1069 τῆς
1328 985 1662 1070 μασχάλης
1716 982 2231 1069 ἀπολαμβάνειν,

198 1092 458 1156 τοισίδε
504 1091 628 1176 χρὴ
674 1092 1160 1174 τεκμαίρεσθαι.
1252 1088 1480 1167 ἀδένες
1522 1087 1792 1155 ὕπεισιν
1836 1089 1877 1173 ἢ
1914 1088 2236 1166 ἐλάσσους

205 1198 249 1281 ἢ
307 1197 545 1279 μέζους
607 1206 810 1262 πᾶσιν
871 1197 1004 1263 ὑπὸ
1074 1205 1154 1282 τῇ
1217 1197 1546 1283 μασχάλῃ,
1618 1200 1912 1282 πολλαχῇ
1985 1192 2060 1261 δὲ
2121 1194 2232 1260 καὶ
2261 1225 2316 1264 10

206 1306 378 1390 ἄλλῃ
424 1312 547 1369 τοῦ
594 1304 911 1388 σώματος.
1001 1303 1169 1369 ἀλλὰ
1214 1302 1288 1368 ἐν
1335 1303 1510 1391 ἄλλω
1557 1305 1734 1391 λόγῳ
1780 1300 1930 1389 περὶ
1976 1301 2233 1367 ἀδένων
2333 1336 2353 1358 ·

202 1411 637 1495 οὐλομελείης
681 1410 1107 1496 γεγράψεται,
1169 1409 1205 1474 ὅ
1250 1432 1315 1474 τι
1359 1408 1435 1474 τέ
1476 1412 1603 1474 εἰσι
1650 1408 1759 1474 καὶ
1807 1401 1916 1475 οἷα
1968 1407 2044 1475 ἐν
2097 1400 2233 1474 οἷσι

201 1505 616 1603 σημαίνουσί
668 1539 739 1580 τε
801 1514 912 1581 καὶ
978 1517 1318 1582 δύνανται.
1407 1517 1563 1591 τοὺς
1626 1516 1749 1599 μὲν
1807 1509 1933 1580 οὖν
1996 1514 2236 1592 ἀδένας

201 1623 287 1689 οὐ
354 1625 481 1707 χρὴ
544 1623 1247 1707 προσαπολαμβάνειν,
1323 1622 1483 1687 οὐδὲ
1556 1621 1681 1687 ὅσα
1744 1620 2039 1705 ἐσωτέρω
2098 1633 2234 1686 τῶν

200 1729 492 1795 ἀδένων·
553 1729 752 1814 μέγας
809 1730 937 1813 γὰρ
1001 1729 1345 1804 κίνδυνος·
1404 1737 1577 1793 τοῖσι
1631 1728 1757 1813 γὰρ
1817 1726 2232 1813 έπικαιροτά-
2261 1755 2314 1796 1⁵

199 1853 381 1902 τοισι
407 1838 668 1901 τόνοισι
713 1836 1230 1919 γειτονεύονται·
1280 1834 1442 1900 ὅσον
1479 1830 1554 1899 δὲ
1600 1831 1887 1918 ἐξωτέρω
1915 1843 2050 1898 τῶν
2086 1832 2236 1898 ἀδέ-

201 1969 346 2010 νων
395 1944 487 2021 ὡς
549 1947 865 2008 πλεῖστον
923 1942 1445 2028 ἀπολαμβάνειν·
1510 1940 1739 2009 ἀσινέα
1801 1942 1947 2027 γάρ.
2036 1943 2237 2026 γινώ-

202 2068 394 2115 σκειν
461 2045 536 2114 δὲ
605 2047 715 2114 καὶ
788 2049 944 2114 τάδε
1016 2050 1141 2136 χρὴ
1215 2049 1346 2133 ὅτι,
1418 2049 1503 2133 ἢν
1572 2046 1695 2134 μὲν
1769 2050 2054 2135 ἰσχυρῶς
2115 2050 2234 2113 τὸν

200 2158 529 2244 βραχίονα
576 2154 951 2242 ἄνατείνῃς,
1009 2157 1089 2221 οὐ
1148 2157 1402 2242 δυνήσῃ
1457 2165 1577 2221 τοῦ
1626 2154 1944 2240 δέρματος
1988 2155 2235 2221 ἀπολα-

199 2267 353 2346 βεῖν
391 2262 595 2328 οὐδὲν
631 2272 752 2328 τοῦ
788 2262 919 2327 ὑπὸ
959 2272 1036 2348 τῇ
1075 2264 1395 2348 μασχάλῃ,
1442 2262 1477 2326 ὅ
1522 2286 1585 2326 τι
1629 2261 1740 2327 καὶ
1779 2260 1965 2339 ἄξιον
2002 2265 2230 2345 λόγου·
2261 2289 2317 2327 20

352 2425 382 2473 1
425 2416 761 2488 φαίν.ξυνρ.
783 2414 953 2489 (εἶναι
973 2422 1168 2492 om.)P
1235 2420 1387 2488 ξυρρ.
1419 2419 1578 2473 codd.
1654 2417 2235 2489 πεπρ-ἀνασχόντος

202 2535 302 2580 τοῦ
325 2528 399 2596 (p.
426 2530 546 2592 133,
567 2527 620 2594 8)
648 2525 786 2580 folio
816 2526 999 2580 exciso
1029 2543 1135 2581 om.
1156 2525 1217 2578 M
1325 2532 1356 2579 2
1386 2526 1558 2579 mm,
1585 2525 1651 2592 Β,
1686 2492 1829 2579 πού,
1868 2527 1921 2577 Γ
1988 2523 2073 2593 εἴη
2110 2524 2164 2577 v

201 2595 467 2651 ὑπάλιπτ.
497 2596 610 2650 ΒΓ
677 2597 1007 2718 ἐλασμὸιτιον
1045 2593 1088 2650 ὧ
1127 2616 1200 2652 αν
1226 2616 1312 2660 τις
1339 2597 1711 2672 ῥπαλειψαιτο
1739 2616 1870 2659 τους
1899 2598 2233 2663 οφθαλμους

107 2756 115 2768 ,
202 2702 236 2781 ί,
275 2721 350 2757 m.
390 2702 478 2756 B²
650 2708 682 2755 3
730 2705 947 2770 διερσαι
982 2704 1091 2774 Βῑ,
1138 2702 1481 2774 διεκβάλλειν
1519 2719 1588 2756 ss,
1627 2703 1734 2770 Β3,
1781 2701 1908 2757 ἀντὶ
1943 2709 2045 2755 τοῦ
2082 2700 2233 2770 διέρ-

202 2831 414 2899 χεσθαι
450 2827 486 2880 i.
525 2846 596 2881 m.
632 2831 685 2881 Γ
767 2795 1251 2896 ἀναλλελάμμένου
1287 2828 1360 2895 Β,
1416 2825 1781 2895 ἀνειλημένου
1818 2826 1854 2879 i.
1893 2845 1966 2880 m.
2004 2802 2089 2879 Β,

202 2905 236 2952 4
274 2899 518 2954 δύναιον
555 2899 601 2951 Β
674 2899 749 2955 ad
784 2898 1001 2968 διέρσαι
1038 2899 1073 2952 i.
1112 2918 1185 2952 m.
1225 2900 1457 2966 διειραι,
1496 2900 1763 2966 διερεισαι
1800 2897 1883 2950 B²
1956 2897 2096 2966 ἐπὴν
2128 2941 2139 2952 .
2171 2941 2181 2952 .
2218 2940 2231 2951 .

202 2970 595 3040 ‹abgam-wal)
633 2986 739 3024 om.
772 2973 825 3023 Γ
927 2976 958 3023 7
988 2969 1147 3040 ἄχρις
1174 2970 1226 3024 V
1298 2966 1613 3024 ὑπαλείπτω
1642 2968 1693 3022 V
1764 2967 1847 3023 ὀκ.
1876 2967 1929 3022 V
2046 2975 2079 3022 8
2109 2968 2231 3062 δέτι

205 3094 251 3145 Β
324 3096 458 3162 post
495 3092 670 3163 δέρμα
708 3094 836 3147 add.
875 3093 937 3148 τὸ
970 3093 1022 3148 V
1131 3099 1161 3146 9
1198 3102 1344 3148 τοῖσι
1381 3094 1441 3149 δὲ
1479 3094 1554 3160 B,
1586 3091 1795 3147 τοῖσίδε
1832 3092 1884 3145 V
1954 3062 2233 3160 τεμαιαῗρ.

204 3165 276 3231 Β,
316 3182 386 3218 ss,
425 3162 502 3220 Β8
598 3163 634 3233 ἢ
672 3165 743 3219 ἐλ.
783 3163 819 3233 ἢ
857 3161 989 3233 mig.
1027 3183 1086 3218 π.
1125 3163 1279 3232 BN1,
1319 3183 1424 3219 om.
1464 3168 1568 3218 eet.
1607 3163 1768 3221 codd.
1917 3170 1980 3218 11
2023 3162 2144 3218 ἀλλ’
2190 3168 2244 3216 Γ

279 3241 345 3288 12
387 3231 733 3304 οὐλομελείης
757 3236 905 3300 Wb.,
943 3231 1062 3305 -ίης
1090 3236 1248 3289 codd.
1345 3233 1373 3290 ὅ
1398 3256 1453 3290 τι
1484 3279 1494 3289 .
1529 3279 1539 3289 .
1573 3278 1583 3289 .
1613 3231 1757 3290 κίνδ.
1799 3251 1903 3288 om.
1949 3239 2001 3288 Γ
2066 3233 2235 3289 οἴοισι

208 3306 260 3359 V
383 3313 450 3365 14
488 3303 615 3361 οὐδ’
656 3306 709 3361 V
863 3310 929 3360 15
967 3306 997 3360 ὁ
1034 3310 1180 3361 κινδ.
1216 3306 1269 3361 V
1339 3315 1458 3368 τοῖς
1492 3306 1606 3367 ΒΓ
1743 3311 1808 3358 16
1845 3305 2067 3360 τόποισι
2103 3304 2155 3358 V

211 3373 342 3432 ὅσον
373 3421 385 3434 .
418 3421 429 3434 .
462 3420 474 3432 .
512 3378 675 3443 ’ἄξιον
710 3376 877 3447 λόγου
917 3395 1022 3432 om.
1067 3380 1120 3430 Γ
1240 3382 1306 3431 18
1344 3378 1442 3431 καὶ
1475 3376 1611 3433 τάδε
1649 3393 1755 3430 om.
1794 3376 1846 3429 V
1990 3380 2054 3428 19
2094 3375 2236 3427 ἀνα-

209 3446 411 3513 τείνοις
445 3449 498 3503 V
571 3448 797 3516 δυνήσει
833 3450 879 3500 Β
1026 3452 1094 3504 20,
1130 3448 1232 3518 τὴν
1269 3447 1555 3517 μασχάλην
1589 3446 1641 3499 V

314 3549 655 3588 Humerum-ns
682 3548 745 3587 11.
1884 3538 1914 3584 9
