2588 3876
316 171 447 233 216
835 175 1008 224 ΠΕΡΙ
1043 173 1335 226 ΑΡΘΡΩΝ
1372 175 1732 225 ΕΜΒΟΛΗΣ
1771 178 1839 226 63

315 333 664 418 ὑποχρίειν
719 333 882 399 αὐτὸ
940 336 1014 399 τὸ
1062 331 1277 411 ἕλκος·
1345 334 1429 418 ἢν
1484 335 1560 399 δὲ
1613 334 1654 418 ἡ
1713 336 1848 419 ὥρη
1897 337 2238 419 χειμερινὴ
2286 328 2363 422 ᾖ,

315 438 427 503 καὶ
472 444 646 524 εἴρια
684 440 951 524 ῥυπαρὰ
988 446 1150 528 οἴνῳ
1194 438 1307 504 καὶ
1353 438 1551 528 ἐλαίῳ
1596 443 2129 526 καταρραίνοντα
2174 445 2366 525 χλια-

315 556 538 630 ροῑσιν
601 547 869 610 ἄνωθεν
933 545 1304 630 ἐπιτέγγειν
1319 567 1333 581 ·
1396 548 1710 612 καταδεῖν
1774 547 1816 610 ὃ
1819 547 1850 612 ὲ
1912 548 2124 632 μηδὲν
2187 545 2363 631 μηδὲ

315 652 790 737 περιπλάσσειν
848 654 1113 737 μηδενί·
1179 648 1254 717 εὖ
1317 654 1443 737 γὰρ
1506 652 1756 718 εἰδέναι
1818 655 1940 739 χρὴ
1997 654 2100 717 ὅτι
2144 653 2365 731 πίεξις

261 785 286 824 5
315 760 424 823 καὶ
463 758 845 843 ἀχθοφορίη
883 767 1019 823 πᾶν
1055 761 1264 824 κακὸν
1299 769 1473 823 τοῖσι
1501 761 1913 823 τοιούτοισίν
1938 757 2140 825 ἐστιν.
2216 758 2365 824 ε’πι-

314 867 543 948 τήδεια
582 865 657 929 δὲ
692 867 861 949 πρὸς
895 865 978 928 τὰ
1003 874 1278 929 τοιαῦτα
1315 863 1425 930 καὶ
1462 875 1599 930 τῶν
1636 864 1928 948 ἐναίμων
1954 864 2364 950 μετεξέτερα,

314 973 578 1036 ὅσοισιν
606 970 829 1048 αὐτῶν
866 969 1217 1056 συμφέρει·
1265 977 1440 1056 εἴρια
1478 972 1553 1036 δὲ
1591 970 1977 1037 ἐπιτιθέντα
2013 974 2178 1060 οἴνῳ
2216 972 2362 1037 ἐπι-

313 1076 633 1162 τέγγοντα
669 1079 887 1142 πολὺν
924 1078 1171 1162 χρόνον
1209 1075 1345 1141 ἐᾶν.
1416 1078 1497 1141 τὰ
1536 1077 1610 1142 δὲ
1648 1077 2185 1162 ὀλιγημερώτατα
2216 1090 2363 1144 τῶν

313 1183 603 1267 ἐναίμων
630 1182 740 1249 καὶ
772 1184 895 1249 ὅσα
915 1183 1147 1269 ρητίνῃ
1167 1185 1936 1268 προσκαταλαμβάνεται,
1965 1185 2091 1268 οὐχ
2110 1183 2363 1268 ὁμοίως

234 1318 286 1357 10
313 1289 648 1373 ἐπιτήδεια
698 1288 978 1365 ἐκείνοις
1028 1288 1192 1354 ἐστί·
1268 1293 1500 1373 χρονίη
1558 1291 1684 1374 γὰρ
1736 1289 1776 1372 ἡ
1832 1291 2165 1374 κάθαρσις
2218 1302 2367 1356 τῶν

314 1396 559 1462 ἑλκέων
614 1397 871 1461 τούτων
922 1399 1206 1478 γίνεται·
1280 1398 1501 1460 πολὺν
1554 1397 1682 1479 γὰρ
1740 1399 1988 1481 χρόνον
2041 1397 2359 1482 πλαδαρὴ

312 1507 592 1586 γι’νεται“
661 1502 847 1578 τινὰς
912 1498 986 1567 δὲ
1048 1503 1307 1567 τούτων
1372 1503 1659 1587 χρηστὸν
1722 1500 1997 1568 ἐπιδεῖν.
2102 1503 2363 1568 εἰδέναι

311 1610 436 1690 μὲν
482 1611 566 1692 δή
609 1630 742 1674 που
789 1610 971 1692 σάφα
1017 1610 1140 1693 χρὴ
1189 1609 1292 1674 ὅτι
1342 1608 1596 1693 ἀνάγκη
1644 1610 1766 1673 τὸν
1813 1611 2182 1695 ἄνθρωπον
2227 1634 2363 1693 χω-

313 1718 436 1782 λὸν
499 1718 786 1800 αἰσχρῶς
849 1714 1195 1797 γενέσθαι·
1269 1714 1382 1780 καὶ
1436 1717 1562 1800 γὰρ
1630 1716 1667 1780 ὁ
1721 1718 1894 1793 ποὺς
1958 1715 2026 1792 ἐς
2078 1716 2154 1779 τὸ
2214 1717 2365 1781 ἄνω

205 1841 310 1888 274
331 1822 736 1887 ἀνέσπασται
773 1833 907 1887 τῶν
943 1822 1292 1905 τοιούτων,
1331 1819 1442 1886 καὶ
1479 1823 1560 1886 τὰ
1599 1821 1793 1887 ὀστέα
1837 1821 1846 1907 Ι
1886 1824 1966 1887 τὰ
2005 1823 2367 1906 διολισθή-

235 1957 285 1996 16
313 1948 520 1995 σαντα
566 1926 687 2006 ἔξω
736 1927 1040 2012 ἐξέχοντα
1088 1931 1394 2012 φαίνεται
1415 1948 1429 1962 ·
1487 1929 1639 1994 οὔτε
1686 1930 1812 2015 γὰρ
1861 1932 2174 2007 ψιλοῢται
2217 1942 2368 1996 τῶν

312 2038 638 2100 τοιούτων
692 2035 942 2100 ὀστέων
997 2032 1202 2100 οὐδὲν
1258 2036 1347 2111 ὡς
1402 2033 1510 2099 ἐπὶ
1557 2037 1631 2100 τὸ
1678 2037 1887 2118 πολύ,
1945 2038 2009 2100 εἰ
2049 2038 2139 2120 μὴ
2186 2040 2362 2102 κατὰ

310 2143 527 2227 βραχύ
564 2166 658 2224 τι,
705 2142 859 2206 οὔτε
905 2141 1288 2226 ἀφίσταται,
1339 2140 1502 2206 ἀλλὰ
1538 2145 2081 2226 περιωτειλοῦται
2118 2148 2362 2229 λεπτῇ-

315 2264 428 2311 σιν
472 2247 776 2332 ὠτειλῇσι
823 2246 935 2311 καὶ
992 2247 1337 2330 ἀσθενέσι,
1392 2245 1504 2312 καὶ
1558 2257 1766 2312 ταῦτα
1819 2246 1905 2330 ἢν
1961 2247 2363 2333 ἀτρεμίζωσι

231 2383 285 2422 20
311 2356 529 2419 πολὺν
575 2356 849 2438 χρόνον·
908 2356 966 2418 εἰ
1023 2350 1096 2418 δὲ
1151 2356 1269 2438 μή,
1328 2353 1684 2438 ἑλκύδριον
1744 2353 2362 2439 ἐγκαταλειφθῆναι

312 2460 627 2537 κίνδυνος
673 2459 978 2535 ἀναλθές.
1062 2460 1236 2540 ὅμως
1282 2458 1393 2542 δέ,
1437 2458 1590 2543 περὶ
1638 2456 1721 2525 οὗ
1767 2459 1802 2525 ὁ
1862 2462 2084 2542 λόγος,
2142 2460 2371 2538 οὕτως

457 2694 484 2741 1
524 2688 722 2759 ὑποχρ.
752 2686 1076 2751 BMVHP,
1118 2687 1294 2757 έπιχρ.
1335 2686 1484 2756 vulg.
1598 2687 1628 2742 ἔ
1699 2686 1819 2739 MV
1965 2692 1996 2739 2
2036 2689 2096 2741 et
2132 2692 2162 2738 7
2203 2686 2365 2754 εἴρια

312 2760 539 2827 scripsi,
580 2759 701 2825 ἔρια
741 2758 901 2811 codd.
1050 2763 1080 2809 2
1121 2759 1252 2811 ante
1291 2757 1428 2830 οἴνῳ
1466 2758 1595 2811 add.
1656 2778 1689 2812 ν
1717 2757 1792 2822 V,
1831 2758 1866 2811 i.
1897 2775 1968 2810 m.
2001 2758 2180 2811 adeor.
2221 2757 2286 2811 M

311 2827 762 2898 καταραίνοντας
806 2828 866 2881 Μ
1021 2834 1067 2881 2.
1101 2834 1132 2880 3
1173 2831 1472 2898 χλιεροῖσιν
1521 2828 1580 2881 Μ
1601 2831 1682 2896 (-ν
1721 2829 1851 2882 add.
1889 2828 2090 2898 M²)V‚
2145 2832 2359 2899 χλιαιρ.

311 2901 422 2953 ΒΓ
579 2907 609 2953 3
658 2899 858 2970 μηδενὶ
892 2916 995 2967 pro
1033 2900 1208 2968 μηδὲν
1244 2899 1365 2952 MV
1529 2905 1560 2952 5
1610 2908 1789 2954 τοῖσιν
1826 2900 1936 2953 ΒΓ
2095 2905 2126 2952 6
2174 2908 2364 2955 ταῦτα

310 2988 412 3039 pro
458 2970 529 3025 τὰ
575 2992 620 3024 τ.
668 2972 785 3024 ΒΓ
923 2975 964 3050 ’7
1023 2969 1282 3071 ὅσοισζνξ)
1331 2970 1422 3059 Μ,
1498 2970 1666 3039 ξυμφ.
1706 2971 1894 3036 codd.‚
1941 2969 2248 3039 συμφέρειν
2289 2975 2360 3062 ΓΖ,

312 3040 2005 3182 gffffissffig'pffffigssls,222381251256202621351272122303.ss
2041 3042 2179 3164 MX)
2209 3062 2361 3166 ἐκετίῗ

311 3200 461 3236 νοισι
506 3183 590 3250 Μ,
646 3200 764 3236 -σιν
803 3182 854 3235 V
999 3188 1062 3235 11
1122 3179 1226 3251 γίν.
1275 3182 1422 3236 τούτ.
1474 3182 1594 3235 MV
1721 3186 1935 3237 πουλῦν
1983 3183 2033 3236 V
2069 3186 2136 3235 ut
2182 3199 2360 3253 saepe

387 3258 451 3305 12
490 3261 738 3322 χρηστῶν
776 3253 843 3319 V,
880 3253 1107 3321 ἀγαθὸν
1143 3271 1244 3321 pro
1283 3274 1367 3324 χρ.
1408 3253 1466 3305 Μ
1576 3252 1820 3308 ἐπιδέειν
1858 3254 2019 3308 codd.
2153 3260 2220 3306 14
2262 3254 2359 3308 ἐπὶ

310 3339 412 3390 pro
461 3322 519 3382 ἐς
563 3321 684 3374 MV
838 3329 904 3376 15
951 3323 1021 3377 τὰ
1056 3325 1187 3391 post
1225 3322 1335 3377 ὀστ.
1377 3340 1483 3377 om.
1522 3323 1573 3377 V
1740 3330 1826 3378 15.
1868 3329 1934 3378 16
1980 3323 2358 3379 ὃιολισθόντα

311 3392 459 3445 Erm.
498 3391 626 3444 Wb.
777 3399 841 3445 16
882 3394 1080 3463 ἔχοντα
1119 3393 1205 3459 Μ,
1257 3411 1327 3447 ss,
1367 3394 1424 3458 ἐξ
1466 3396 1527 3447 ut
1561 3395 1785 3449 videtur
1821 3395 1907 3448 M²
2064 3401 2129 3448 17
2169 3397 2358 3450 πουλὺ

312 3462 432 3515 MV
590 3467 670 3515 18.
713 3468 777 3514 19
825 3465 1051 3531 λεπτῆσι
1089 3464 1230 3530 ΒΜ,
1280 3486 1313 3518 ν
1353 3465 1481 3518 add.
1530 3465 1617 3517 Μ2
1764 3472 1828 3519 19
1886 3463 2240 3535 ἀτρεμίζουσι
2294 3464 2357 3518 Μ

422 3537 488 3583 20
527 3532 740 3584 πουλὺν
777 3531 861 3598 Μ,
900 3540 996 3586 -ῦν
1035 3533 1085 3586 V
1230 3540 1293 3586 21
1338 3534 1480 3589 οὕτω
1519 3536 1638 3589 MV
