2588 3876
698 190 872 240 ΠΕΡΙ
906 189 1196 241 ΑΡΘΡῼΝ
1232 190 1591 241 ΕΜΒοΛΗΣ
1629 194 1711 242 12.
1744 193 1809 242 13
2130 190 2257 253 133

220 349 558 429 σκάψειαν
601 348 699 444 ,ἂν
742 352 832 435 μὴ
884 352 1091 436 κάρτα
1135 351 1273 417 ἄνω
1321 337 1622 437 αἴροντες
1677 352 1794 417 τὸν
1840 350 2105 434 ἀγκῶνα
2148 350 2260 417 καὶ

219 459 300 522 τὰ
351 459 565 541 ἄλλα,
621 457 742 522 ὅσα
799 455 871 522 ἐκ
916 468 1051 522 τῶν
1095 459 1419 523 τοιούτων
1464 458 1812 543 σχημάτων
1857 456 2259 544 ἐργάζονται.

196 641 205 644 ,
366 564 473 628 13.
540 554 792 628 Οἷσι·ὃ’
838 562 924 628 ἂν
976 565 1050 629 τὸ
1097 563 1437 651 ἀκρώμιον
1492 564 1922 651 ἀποσπασθῇ,
1966 566 2261 631 τούτοισι

219 672 547 755 φαίνεται
592 668 817 754 ἑξέχον
860 672 935 735 τὸ
981 670 1213 737 ὀστέον
1255 673 1331 737 τὸ
1371 670 1910 758 ἀπεσπασμένον·
1969 670 2150 738 ἔστιν
2186 672 2262 738 δὲ

217 786 427 844 τοῦτο
493 776 529 842 ὁ
593 777 962 863 σύνδεσμος
1014 786 1129 861 τῆς
1180 780 1449 861 κληῖδος
1510 780 1621 843 καὶ
1674 788 1789 862 τῆς
1848 779 2262 864 ὠμοπλάτης·
2313 803 2340 845 5

219 882 491 971 ἕτεροίη
548 884 675 968 γὰρ
741 884 781 969 ἡ
838 884 1042 968 φύσις
1095 883 1463 970 ἀνθρώπου
1519 886 1721 971 ταύτῃ
1768 886 1808 970 ἢ
1864 897 1997 952 τῶν
2041 887 2262 951 ἄλλων

216 991 426 1079 ζῴων.
531 991 597 1055 οἱ
643 984 768 1055 οὖν
825 991 1040 1075 ἰητροὶ
1094 988 1540 1069 ἐξαπατῶνται
1593 992 1874 1076 μάλιστα
1929 990 2005 1057 ἐν
2048 993 2260 1080 τούτω

216 1105 317 1185 τῷ
366 1096 692 1182 τρώματι·
739 1097 851 1161 ἅτε
895 1098 1021 1181 γὰρ
1070 1096 1478 1182 ἀνασχόντος
1512 1106 1631 1163 τοῦ
1671 1097 1906 1163 ὀστέου
1944 1108 2063 1163 τοῦ
2101 1098 2262 1164 ἀπο-

219 1201 657 1280 σπασθέντος
715 1204 756 1287 ἡ
817 1201 1061 1285 ἑπωμὶς
1119 1206 1425 1288 φαίνεται
1483 1207 1841 1289 χαμαιζήλη
1900 1206 2011 1269 καὶ
2073 1207 2262 1288 κοίλη

220 1313 457 1394 ὥσπερ
518 1319 653 1374 τῶν
716 1310 913 1395 ὤμων
966 1320 1100 1375 τῶν
1163 1309 1694 1377 ἐκπεπτωκότων.
1779 1313 2072 1388 πολλοὺς
2136 1306 2261 1377 οὖν
2288 1338 2341 1378 ιο

221 1413 386 1484 οἶδα
427 1400 698 1502 ἰητροὺς
732 1416 936 1481 τᾶλλα
974 1416 1054 1482 οὐ
1102 1417 1449 1502 φλαύρους
1484 1415 1742 1502 ἐόντας,
1789 1422 1859 1483 οἳ
1888 1418 2102 1483 πολλοὶ
2136 1419 2261 1502 ἤδη

221 1524 649 1607 ἐλυμήναπο
680 1521 1028 1607 ἐμβάλλειν
1054 1524 1452 1608 πειρώμενοι
1479 1526 1638 1600 τοὺς
1658 1525 2006 1602 τοιούτους
2026 1526 2264 1610 ὤμους,

224 1630 450 1706 οὕτως
479 1630 772 1711 οἰόμενοι
801 1628 1312 1712 ἐκπεπτωκέναι,
1349 1630 1460 1694 καὶ
1497 1630 1579 1695 οὐ
1606 1632 1909 1715 πρόσθεν
1922 1625 2264 1696 ’παύονται

228 1734 403 1821 πρὶν
426 1735 492 1819 ἢ
539 1734 921 1818 ἀπογνῶναι
976 1736 1017 1820 ἢ
1073 1734 1403 1821 ἀπορῆσαι
1458 1735 1801 1812 δοκέοντες
1856 1734 2045 1802 αὐτοὶ
2092 1747 2266 1821 σφᾶς

227 1844 487 1918 αὐτοὺς
523 1839 834 1926 ἐμβαλεῖν
869 1843 988 1907 τὸν
1025 1837 1230 1924 ὦμον.
1294 1842 1589 1907 τούτοισι
1630 1843 1876 1928 ῑητρείη
1913 1841 2037 1924 μὲν
2070 1843 2113 1925 ἤ
2138 1864 2261 1928 περ
2291 1869 2342 1911 15

224 1949 341 2016 καὶ
382 1959 559 2014 τοῖσι
595 1949 855 2014 ἄλλοισι
891 1958 1064 2014 τοῖσι
1100 1950 1495 2033 τοιούτοισι,
1540 1951 1799 2034 κηρωτὴ
1836 1947 1945 2016 καὶ
1983 1956 2265 2034 σπλῆνες

226 2057 341 2122 καὶ
407 2055 655 2121 ὀθόνια
713 2057 825 2120 καὶ
887 2055 928 2139 ἡ
993 2054 1283 2133 ἐπίδεσις
1359 2057 1648 2141 τοιαύτη.
1756 2056 2268 2140 καταναγκάζειν

227 2163 463 2248 μέντοι
508 2162 581 2226 τὸ
625 2161 951 2247 ὑπερέχον
996 2164 1120 2247 χρὴ
1164 2164 1275 2228 καὶ
1320 2166 1477 2239 τοὺς
1522 2169 1815 2246 σπλῆνας
1859 2165 2022 2228 κατὰ
2066 2172 2263 2229 τοῦτο

228 2267 498 2334 τιθέναι
543 2271 891 2345 πλείστους
943 2269 1054 2332 καὶ
1107 2267 1353 2347 πιέζειν
1407 2270 1610 2355 ταύτῃ
1666 2271 1945 2355 μάλιστα
1989 2269 2099 2336 καὶ
2145 2271 2265 2335 τὸν

232 2377 559 2459 βραχίονα
623 2375 789 2460 πρὸς
851 2383 999 2460 τῇσι
1062 2380 1385 2460 πλευρῇσι
1446 2376 1992 2461 προσηρτημένον
2057 2376 2122 2454 ἐς
2183 2378 2257 2441 τὸ
2285 2404 2339 2444 3ο

238 2483 375 2546 ἄνω
424 2480 622 2566 μέρος
666 2478 869 2566 ἔχειν·
953 2481 1127 2546 οὕτω
1174 2483 1301 2567 γάρ
1349 2479 1433 2546 ἂν
1478 2482 1758 2565 μάλιστα
1801 2484 2145 2565 πλησιάζοι
2189 2483 2263 2547 τὸ

387 2641 415 2690 1
476 2613 757 2707 σκαψειαν
797 2637 888 2703 ΒῙ,
934 2638 1071 2690 muss.
1110 2638 1172 2691 in
1210 2637 1426 2707 σκάψαι
1464 2659 1536 2692 αν
1574 2638 1672 2705 Β3,
1719 2658 1871 2693 -αιεν
1908 2638 1961 2693 V
2129 2643 2166 2691 2
2206 2635 2255 2691 τ’

238 2703 374 2762 ἄλλα
402 2707 455 2761 V
489 2710 556 2762 ut
593 2708 736 2763 solet
858 2715 890 2762 3
927 2726 996 2763 πε
1001 2706 1370 2778 ρὶάκρωμίου
1397 2709 1484 2762 nt.
1516 2709 1588 2775 B,
1626 2728 1683 2764 π.
1714 2710 1767 2763 ἀ.
1798 2706 2267 2772 ἀποσπασθέντος

239 2779 323 2833 tit.
362 2780 468 2848 Ap.
545 2777 723 2834 ὅσοισι
758 2779 811 2834 V
880 2777 1153 2834 τουτέοισι
1190 2780 1349 2834 codd„
1433 2778 1448 2793 ⁸
1496 2786 1529 2833 4
1565 2780 1629 2834 τὸ
1669 2780 1714 2834 ὀ.
1755 2781 1827 2845 ἐξ.
1866 2780 1919 2835 V
1997 2781 2188 2834 ἀνεσπ.
2218 2780 2263 2833 Β

315 2850 428 2905 ἔστι
464 2850 516 2904 V
660 2855 692 2904 5
730 2850 884 2916 ξύνὸ.
924 2850 976 2904 V
1048 2854 1148 2920 κλη
1152 2849 1223 2907 m.
1253 2851 1306 2905 V
1339 2851 1406 2904 ut
1444 2850 1614 2919 soles„
1649 2855 1930 2913 κλιὸοςΓ
2083 2858 2116 2905 6
2153 2851 2265 2907 ἑτε-

244 2919 419 2991 ροίη.
453 2965 465 2975 .
500 2922 696 2990 ,κληὶς
733 2926 798 2992 (ο.
833 2923 920 2990 14)
959 2925 1152 2976 om.1''
1215 2921 1251 2991 ἡ
1292 2938 1398 2976 om.
1437 2921 1490 2976 V
1634 2928 1662 2976 7
1703 2921 1826 3013 μάλ.
1867 2920 2266 2987 ἐξαπατέονται

245 2991 293 3045 V
416 2999 447 3046 9
486 2993 561 3046 ad
597 3013 726 3083 χαμ.
765 2993 803 3046 i.
840 3010 915 3046 m
952 2992 1130 3046 adeor.
1168 3012 1407 3063 ταπεινη
1443 2992 1518 3045 B²
1645 2999 1711 3047 10
1751 2992 1884 3047 ωστε
1921 2994 2019 3048 καὶ
2054 3013 2266 3065 προμη-

247 3067 485 3118 θεῖσθαι
512 3064 596 3129 Μ,
637 3062 772 3118 ὥστε
809 3082 900 3131 πρ.
938 3080 1041 3132 pro
1081 3061 1260 3132 ὥσπερ
1290 3063 1344 3118 V
1412 3072 1523 3118 τῶν
1561 3063 1658 3134 ὤμ.
1699 3064 1772 3128 ὡς
1809 3065 1927 3119 ἐκπ.
1973 3067 2267 3134 proposuit

247 3134 404 3202 Litt„
464 3135 691 3204 scripsit
724 3135 874 3188 Erm.
1040 3140 1103 3188 11
1154 3134 1227 3188 ad
1266 3135 1448 3204 φλαύρ
1418 3155 1466 3203 ρ.
1504 3135 1540 3189 i.
1579 3154 1652 3190 m.
1692 3155 1900 3197 κακους
1934 3135 2018 3188 Β2
2100 3135 2267 3199 ὄντας

427 3212 491 3259 12
540 3207 672 3260 ante
718 3207 784 3275 ἐμ
746 3208 835 3330 μίβ
885 3205 1017 3259 add
1060 3205 1124 3259 τὸ
1172 3205 1217 3257 Β
1325 3205 1614 3268 τοιούτους
1651 3224 1757 3261 om
1797 3206 1886 3275 B¹‚
1934 3224 2003 3261 se.
2042 3207 2125 3259 Β2

242 3204 307 3330 133
344 3278 476 3346 poss,
514 3276 658 3366 οἰόμ.
691 3276 767 3330 ad
849 3285 992 3331 τοῖσι
1030 3275 1212 3345 ὤμους
1239 3276 1285 3328 Β
1360 3276 1534 3338 ουτως
1571 3276 1678 3332 del.
1709 3278 1855 3331 Erm.
2006 3284 2071 3332 14
2107 3298 2183 3347 πρ
2186 3278 2266 3332 w).

239 3364 339 3415 pro
384 3367 478 3416 πρ.
517 3345 553 3417 ἢ
591 3348 636 3401 Β
711 3347 859 3416 σφὰς
892 3347 1014 3401 MV
1159 3352 1224 3400 15
1265 3347 1557 3419 ἐμβάλλειν
1598 3348 1669 3415 Β,
1726 3348 1926 3403 -λλέειν
1972 3348 2048 3416 V,
2094 3299 2265 3403 -λέειν

241 3417 456 3473 MErm.
571 3418 854 3474 τούτοισιν
892 3417 944 3471 V
1049 3415 1229 3487 ἰητρίη
1267 3418 1313 3471 Β
1461 3424 1526 3473 16
1562 3428 1741 3474 τοῖσιν
1778 3419 1831 3474 V
1974 3424 2040 3472 17
2076 3439 2125 3472 κ.
2157 3419 2197 3471 ἐ.
2228 3416 2263 3484 ἡ

243 3490 380 3561 αὐτὴ
417 3490 569 3544 Erm
700 3496 765 3544 19
801 3489 1014 3560 ταύτηΞ
1049 3489 1114 3543 Μ
1245 3494 1312 3543 20
1350 3486 1491 3557 πρὸς
1525 3489 1695 3542 bisB
1833 3495 1897 3543 21
1939 3488 2114 3548 οὕτως
2148 3487 2193 3539 Β

241 3511 592 3631 πλησιάζοιτο
629 3548 726 3616 ἀπ.
764 3560 809 3613 Β
