2588 3876
670 144 843 195 ΠΕΡΙ
877 142 1166 195 ΑΡΘΡΩΝ
1202 143 1561 195 ΕΜΒΟΛΗΣ
1592 146 1637 193 1.
1669 146 1700 192 2
2063 140 2190 204 113

190 305 338 369 ὅταν
374 300 498 371 οὖν
533 304 767 389 ἐκπέσῃ
807 304 842 370 ὁ
879 308 1173 390 βραχίων
1210 304 1277 380 ἐς
1311 305 1434 388 τὴν
1476 305 1838 388 μασχάλῃν,
1884 305 1997 369 ἅτε
2031 309 2193 370 πολ-

189 417 319 489 λοῖς
378 411 836 495 ἐκπίπτοντος,
899 413 1135 477 πολλοὶ
1198 409 1580 476 ἐπίστανται
1643 409 2022 494 ἐμβάλλειν·
2084 412 2190 477 εὐ-

186 520 530 584 παίδευτον
591 517 652 583 δ’
723 517 862 584 ἐστὶ
924 520 999 584 τὸ
1065 517 1314 583 εἰδέναι
1376 519 1625 595 πάντας
1686 521 1843 595 τοὺς
1903 520 2191 605 τρόπους

187 624 430 690 ὅσοισιν
476 628 542 690 οἱ
589 624 803 711 ἰητροὶ
849 624 1297 708 ἐμβάλλουσιν
1341 623 1450 689 καὶ
1506 626 1596 702 ὡς
1649 626 1735 690 ἄν
1788 649 1888 702 τις
1934 625 2194 691 αὐτοῖσι

185 743 344 797 τοῖσι
384 736 693 819 ’τρόποισι
747 733 1041 797 τούτοισι
1096 732 1412 797 κάλλιστα
1462 739 1674 819 χρῷτο
1692 751 1706 765 ·
1771 739 2062 819 χρῆσθαι
2117 728 2193 796 δὲ
2247 756 2271 797 5

185 840 296 924 χρὴ
338 846 428 926 τῷ
483 842 807 926 κρατίστῳ
871 850 1005 903 τῶν
1066 840 1360 922 τρόπων,
1426 837 1509 920 ἢν
1572 840 1693 922 τὴν
1757 840 2195 923 ἰσχυροτάτην

186 943 468 1029 ἀνάγκην
513 946 695 1031 ὁρᾷς·
763 946 1106 1030 κράτιστος
1152 945 1226 1010 δὲ
1274 943 1310 1009 ὁ
1356 945 1637 1021 ὕστατος
1683 948 2194 1030 γεγραψόμενος.

304 1053 363 1116 2.
413 1044 569 1117 Οἶσι
612 1052 736 1133 μὲν
782 1047 909 1118 οὖν
960 1053 1179 1117 πυκνὰ
1233 1050 1530 1117 ἐκπίπτει
1584 1047 1785 1134 ὦμος,
1843 1050 2058 1117 ἱκανοὶ
2106 1053 2194 1128 ὡς

185 1155 281 1222 ἐπὶ
323 1161 397 1225 τὸ
449 1158 458 1242 Ι
507 1162 681 1223 πολὺ
738 1156 928 1223 αὐτοὶ
973 1162 1207 1243 σφίσιν
1252 1159 1555 1224 αὐτοῖσιν
1601 1157 1953 1242 ἐμβάλλειν
1997 1159 2193 1222 εἰσίν·
2231 1173 2300 1222 82

185 1263 479 1342 ἐνθέντες
517 1265 643 1349 γὰρ
690 1274 805 1348 τῆς
848 1264 1069 1351 ἑτέρης
1114 1267 1331 1350 χειρὸς
1374 1268 1531 1341 τοὺς
1567 1266 1937 1341 κονδύλους
1973 1263 2039 1340 ἐς
2073 1265 2197 1347 τὴν
2224 1291 2278 1331 ιο

182 1373 546 1456 μασχάλην,
627 1370 1113 1455 ἀναγκάζουσιν
1185 1373 1323 1436 ἄνω
1405 1373 1478 1437 τὸ
1561 1373 1858 1458 ἄρθρον,
1929 1373 2050 1438 τὸν
2122 1370 2197 1435 δὲ

185 1477 436 1561 ἀγκῶνα
502 1478 881 1563 παράγουσι
943 1478 1121 1563 παρὰ
1182 1480 1256 1543 τὸ
1324 1484 1587 1561 στῆθος.
1677 1479 1796 1544 τὸν
1858 1479 2063 1544 αὐτὸν
2123 1478 2198 1543 δὲ

181 1587 420 1669 τρόπον
467 1593 711 1649 τοῦτον
755 1585 863 1649 καὶ
914 1585 1132 1670 ἰητρὸς
1176 1582 1262 1647 ἂν
1317 1582 1659 1668 ἐμβάλλοι,
1720 1587 1778 1649 εἰ
1834 1586 2032 1662 αὐτὸς
2074 1586 2198 1666 μὲν

182 1690 302 1755 ὑπὸ
347 1693 475 1775 τὴν
519 1691 862 1775 μασχάλην
907 1689 1203 1775 ἐσωτέρω
1248 1699 1369 1755 τοῦ
1416 1691 1680 1774 ἄρθρου
1717 1699 1836 1755 τοῦ
1875 1689 2198 1755 ἐκπεπτω-

183 1800 360 1875 κότος
403 1799 762 1873 ὑποτείνας
806 1799 962 1873 τοὺς
1007 1796 1377 1873 δακτύλους
1419 1796 1863 1879 ἀπαναγκάζοι
1900 1796 2027 1861 ἀπὸ
2065 1807 2200 1861 τῶν
2227 1822 2279 1863 15

182 1903 515 1991 πλευρέων
559 1901 865 1988 ἐμβαλὼν
909 1906 1032 1989 τὴν
1085 1902 1339 1970 ἑωυτοῦ
1394 1906 1693 1989 κεφαλὴν
1746 1901 1814 1980 ἐς
1867 1905 1942 1969 τὸ
1990 1902 2199 1989 ἀκρώ-

183 2034 354 2095 μιον,
411 2011 819 2096 ἀντερείσιος
872 2012 1119 2093 εἵνεκα,
1172 2021 1349 2076 τοῖσι
1404 2007 1479 2076 δὲ
1535 2011 1816 2094 γούνασι
1858 2012 2035 2097 παρὰ
2079 2012 2199 2076 τὸν

184 2116 445 2200 ἀγκῶνα
490 2117 558 2194 ἐς
603 2118 724 2183 τὸν
768 2119 1092 2202 βραχίονα
1136 2116 1441 2200 ἐμβαλὼν
1491 2117 1822 2183 άντωθέοι
1875 2119 2042 2203 πρὸς
2086 2118 2201 2194 τὰς

182 2225 464 2310 πλευράς
516 2261 606 2270 -
658 2222 982 2309 συμφέρει
1045 2220 1120 2288 δὲ
1183 2225 1502 2309 καρτερὰς
1563 2226 1678 2301 τὰς
1741 2235 1962 2309 χεῖρας
2025 2227 2200 2309 ἔχειν

317 2388 363 2436 1.
405 2388 439 2435 2
491 2384 776 2434 πολλοῖσιν
826 2380 947 2433 MV
1124 2387 1155 2433 3
1203 2380 1265 2436 δὲ
1312 2381 1432 2434 MV
1537 2382 1669 2450 post
1711 2401 1776 2450 τρ
1780 2380 1870 2435 όπ.
1918 2381 2047 2433 add..
2086 2390 2198 2435 τῶν

184 2449 453 2543 ἐμβολέων
489 2452 594 2521 ΑΡ.
777 2456 811 2504 4
849 2449 1001 2513 ὅωις
1034 2451 1155 2506 MV
1245 2450 1299 2505 οἱ
1338 2468 1442 2506 om.
1482 2452 1542 2505 Μ
1641 2451 1971 2535 ἐμβάλλουσι
2007 2451 2128 2505 MV

183 2522 326 2578 ὡσὰν
363 2522 418 2576 V
572 2528 603 2576 5
640 2531 759 2586 τοῖς
792 2541 856 2591 τρ
911 2522 1031 2575 MV
1119 2522 1193 2576 ἄν
1229 2542 1314 2584 τις
1348 2524 1478 2592 post
1513 2521 1663 2576 κάλλ.
1700 2524 1912 2576 merant
1947 2522 2129 2575 BMV

184 2590 262 2657 οῖς
298 2594 404 2664 ἰητ.
445 2593 561 2664 ἐμβ.
606 2594 708 2648 καὶ
757 2594 831 2656 ὡς
868 2594 1059 2656 αὐτοῖς
1110 2602 1228 2657 τοῖς
1280 2593 1511 2661 τρόποις
1552 2594 1772 2655 τούτοις
1816 2591 1967 2647 κάλλ
2007 2592 2080 2646 ἄν
2116 2613 2202 2655 τις

216 2663 393 2732 ρέοιτο
400 2665 538 2757 A.p
630 2685 697 2736 χρ
666 2663 898 2733 ρέεσθαι
935 2664 1093 2718 codd.
1189 2670 1218 2717 7
1258 2665 1334 2717 ad.
1370 2663 1624 2734 ἀνάγκην
1661 2665 1697 2718 i.
1737 2683 1809 2717 m.
1849 2661 1982 2736 βίαν
2018 2663 2094 2716 B*

181 2686 345 2790 Ξάνό
314 2729 535 2804 ὀῶμος
567 2735 759 2790 πυκνὰ
796 2733 1048 2790 ἐκπίπτει
1083 2735 1143 2787 Μ
1189 2736 1224 2789 i.
1263 2754 1336 2788 m
1374 2753 1506 2828 sup
1688 2741 1720 2789 8
1761 2734 1937 2790 οσοισι
1975 2735 2096 2790 ΜΨ

183 2824 391 2861 πυκινα
429 2811 482 2861 Γ
550 2808 666 2877 εἰμ
671 2825 758 2860 ο.
787 2826 846 2860 π.
878 2803 1136 2862 ἐκπίπτοι
1171 2807 1276 2875 Ap.
1361 2801 1506 2875 ὦμος
1542 2823 1647 2907 ραι.
1678 2807 1840 2876 ΓΑΡ.
1988 2813 2019 2861 9
2048 2810 2201 2861 πλεῖ-

1783 2878 1804 2909 2

184 2828 829 3010 ἕξῖνπμέιᾙλῗαῖἷὲς
864 2881 1158 3019 εῗὲἷοέἶβ
1197 2879 1445 3017 ἔῖοῗὸ
1478 2877 1793 3011 ἕαζωζῆοἷῗς
1827 2875 2121 3018 Ρτῗσὲοῗὲ.
2151 2949 2203 3004 v

252 3026 318 3073 12
356 3022 488 3088 post
522 3039 638 3088 παρ
607 3018 730 3090 ράγ
771 3019 898 3072 add.
929 3020 1020 3073 ἀεὶ
1055 3020 1160 3088 Ap.
1274 3025 1340 3072 13
1376 3020 1475 3073 καὶ
1511 3037 1618 3074 om.
1658 3021 1703 3072 B
1778 3019 1807 3074 ὁ
1848 3021 1979 3074 ante
2017 3021 2053 3075 ἰ.
2093 3038 2199 3075 om.

183 3089 374 3158 BMV,
413 3091 539 3144 add.
581 3093 683 3144 cet.
761 3090 975 3159 εἴρηται
1013 3089 1153 3143 ὁσαν
1188 3107 1290 3159 pro
1331 3091 1387 3159 ἰη
1390 3110 1436 3144 τ.
1475 3112 1548 3144 αν
1586 3095 1639 3145 Γ
1715 3090 1943 3182 ἐμβάλοι
1979 3092 2097 3146 ΓΜ

185 3165 248 3214 15
277 3160 586 3233 ὑποβάλλοι
621 3179 725 3230 pro
763 3163 920 3215 ὑποτ.
961 3161 1064 3231 Ap.
1158 3161 1552 3231 ἀναγκάζοιΨ
1633 3163 1828 3217 ἄποινα
1830 3162 2047 3232 γκάζων
2084 3168 2138 3218 Γ

183 3234 312 3298 poet
347 3233 518 3286 ἁπαν.
558 3233 688 3286 add..
742 3232 805 3289 δὲ
848 3233 953 3301 Ap.
1065 3232 1202 3299 ὑπὸ,
1241 3249 1377 3286 corr.
1417 3234 1471 3286 ἀ.
1512 3236 1565 3286 Γ
1704 3239 1770 3286 16
1810 3184 2025 3305 ἐμβάλλ.
2065 3234 2205 3301 ΜΨ,

185 3303 492 3391 ἐπιβάλλων
529 3304 632 3372 ΑΡ.
672 3314 830 3375 χεῖρα
866 3320 968 3373 pro
1006 3322 1130 3372 κεφ.
1159 3303 1264 3372 Ap.
1340 3304 1433 3358 ἐπὶ
1467 3322 1569 3372 pro
1608 3305 1664 3366 ἐς
1700 3305 1804 3373 ΑΡ.
1944 3311 2007 3358 17
2047 3306 2202 3358 ἀντε-

185 3370 335 3440 ρείσ.,
375 3394 423 3428 ει
459 3375 520 3428 in
554 3392 683 3429 raso
718 3374 841 3428 loco
871 3375 930 3427 M
1022 3373 1185 3428 ἕνεκα
1221 3374 1345 3428 ΜΓ
1439 3384 1586 3428 τοῖσι
1632 3379 1694 3431 δε
1730 3395 1849 3436 τοις
1884 3379 1937 3429 Γ
2022 3376 2084 3429 δὲ
2123 3373 2198 3428 ἕν.

180 3463 297 3506 τοις
339 3448 481 3500 osv&
526 3446 644 3500 άνω
682 3465 838 3513 παρα
875 3445 980 3513 Ap.
1128 3450 1194 3498 18
1242 3445 1300 3508 ἐς
1336 3462 1439 3498 om.
1488 3446 1593 3514 Ap.
1709 3445 1990 3517 ἐμβάλλων
2036 3443 2202 3511 VAp

328 3522 392 3569 19
429 3517 597 3586 ξυμφ.
637 3516 756 3569 ΜΨ
862 3536 1017 3583 κρατ.
1055 3517 1288 3583 ΜΨΑΡ.

291 3614 629 3655 Humana-ns
655 3616 719 3654 11.
1852 3607 1885 3653 8
