2588 3876
276 125 405 190 180
624 101 631 105 ’
780 128 954 177 ΠΕΡΙ
989 125 1280 178 ΑΡΘΡῼΝ
1315 126 1674 178 ΕΜΒοΛΗΣ
1711 128 1781 176 47

268 289 345 353 τὸ
391 289 654 372 ὕβωμα,
703 289 791 364 ὡς
826 285 912 351 ἂν
947 288 987 371 ἡ
1026 289 1243 371 σανίς,
1289 280 1333 374 ᾗ
1367 288 1649 369 μάλιστα
1687 285 2046 370 ἐξέστηκεν,
2089 287 2301 372 ταύτῃ

267 396 550 479 μάλιστα
595 394 778 479 πιέζῃ
824 393 1217 459 ἐπιτεθεῖσα.
1310 394 1471 459 ὅταν
1524 390 1599 458 δὲ
1653 393 1955 479 ἐπιτεθῇ,
2008 393 2130 457 τὸν
2173 393 2303 478 μέν

268 526 420 567 τινα
465 502 982 584 καταναγκάζειν
1025 501 1149 587 χρὴ
1195 502 1269 565 τὸ
1320 501 1527 586 ἄκρον
1570 509 1686 583 τῆς
1732 501 2033 584 σανίδος,
2087 502 2173 584 ἤν
2228 524 2303 565 τε

268 608 388 674 ἕνα
435 608 552 693 δέῃ
589 609 675 691 ἥν
710 631 780 673 τε
818 608 974 691 δύο,
1020 610 1177 684 τοὺς
1213 604 1287 673 δὲ
1324 608 1761 672 κατατανύειν
1797 608 1872 671 τὸ
1911 618 2099 690 σῶμα
2133 608 2303 671 κατὰ

217 741 243 781 5
268 726 503 800 μῆκος,
550 715 638 791 ὡς
681 716 983 799 πρόσθεν
1020 720 1302 800 εἴρηται,
1347 716 1506 791 τοὺς
1548 710 1673 797 μὲν
1717 723 1831 799 τῇ,
1875 716 2035 790 τοὺς
2080 710 2156 778 δὲ
2200 724 2300 800 τῇ.

271 818 524 899 ἔξεστιν
579 817 651 887 δὲ
706 821 813 885 καὶ
868 821 1196 887 ὀνίσκοισι
1258 822 1382 905 τὴν
1444 822 1801 886 κατάτασιν
1858 826 2202 886 ποιεῖσθαι
2254 820 2300 904 ἢ

271 926 899 1015 παρακατορύξαντα
979 929 1155 1013 παρὰ
1234 927 1311 992 τὸ
1396 926 1599 1006 ξύλον
1671 926 1713 1010 ἢ
1796 927 1870 993 ἐν
1952 928 2130 1015 αὐτῷ
2203 936 2299 1016 τῷ

273 1032 447 1122 ξύλῳ
507 1036 622 1112 τὰς
681 1035 881 1118 φλιὰς
930 1046 1065 1099 τῶν
1114 1034 1405 1100 ὀνίσκων
1448 1034 2033 1119 ἐκτεκτηνάμενον,
2093 1037 2180 1119 ἥν
2226 1058 2301 1100 τε

272 1139 484 1226 ὀρθὰς
545 1140 750 1227 θέλῃς
813 1141 1095 1226 σμικρὸν
1156 1141 1634 1225 ὑπερεχούσας,
1697 1142 1783 1224 ἥν
1834 1164 1906 1205 τε
1969 1143 2133 1206 κατὰ
2190 1167 2303 1208 κο-

194 1276 246 1315 10
274 1249 501 1335 ρυφὴν
554 1256 673 1313 τοῦ
730 1246 935 1326 ξύλου
988 1243 1194 1312 ἔνθεν
1246 1248 1357 1313 καὶ
1412 1245 1635 1313 ἔνθεν.
1733 1243 1928 1313 αὗται
1983 1251 2052 1313 αἱ
2098 1248 2303 1333 ἀνάγ-

274 1379 386 1419 και
451 1355 869 1438 εὐταμίευτοί
929 1356 1059 1420 εἰσι
1121 1356 1232 1420 καὶ
1298 1354 1364 1431 ε’ς
1426 1356 1499 1419 τὸ
1566 1357 1996 1442 ἰσχυρότερον
2058 1356 2169 1421 καὶ
2234 1355 2305 1433 ἐς

273 1461 348 1542 τὸ
394 1456 628 1545 ἧσσον,
672 1461 781 1526 καὶ
829 1463 1025 1545 ἰσχὺν
1069 1464 1342 1546 ἔχουσιν
1375 1461 1712 1545 τοιαύτην,
1757 1463 1924 1527 ὥστε
1958 1463 2068 1540 καὶ
2107 1469 2176 1528 εἴ
2202 1486 2306 1540 τις

277 1567 382 1632 ἐπὶ
429 1569 601 1653 λύμῃ
648 1569 990 1652 βούλοιτο,
1038 1568 1205 1633 ἀλλὰ
1250 1570 1339 1652 μὴ
1387 1567 1491 1634 ἐπὶ
1541 1572 1824 1655 ἰητρείῃ,
1882 1568 1950 1647 ἐς
1993 1570 2309 1646 τοιαύτας

276 1673 567 1757 ἀνάγκας
629 1674 935 1759 ἀγαγεῖν,
999 1676 1110 1741 καὶ
1175 1675 1248 1741 ἐν
1312 1676 1524 1764 τούτῳ
1591 1677 1878 1761 ἰσχυρῶς
1937 1676 2307 1742 δύνασθαι·

196 1808 248 1848 15
276 1779 386 1846 καὶ
433 1782 559 1868 γὰρ
598 1781 684 1847 ἂν
728 1784 1131 1847 κατατείνων
1176 1784 1341 1848 κατὰ
1385 1792 1592 1867 μῆκος
1635 1793 1895 1867 μοῦνον
1941 1785 2145 1849 ἔνθεν
2191 1781 2308 1848 καὶ

275 1890 481 1954 ἔνθεν
535 1888 707 1955 οὕτω
767 1887 878 1955 καὶ
933 1891 1141 1974 ἄλλην
1198 1889 1495 1975 ἀνάγκην
1540 1891 1870 1976 μηδεμίαν
1912 1891 2310 1978 προστιθεὶς

276 1995 452 2080 ὅμως
495 2000 935 2061 κατατείνειεν
990 1997 1075 2061 ἄν
1126 2017 1253 2074 τις·
1319 1997 1485 2062 ἀλλὰ
1536 1999 1672 2082 μὴν
1714 1996 1826 2063 καὶ
1872 2004 1941 2062 εἴ
1975 1999 2065 2082 μὴ
2112 2021 2311 2062 κατα-
2347 2050 2358 2057 .

275 2103 541 2184 τείνων,
600 2102 762 2186 αὐτῇ
814 2098 894 2167 δὲ
948 2111 1206 2186 μοῦνον
1260 2113 1340 2190 τῇ
1387 2105 1612 2169 σανίδι
1658 2103 1870 2181 οὕτως
1917 2105 2130 2189 ἰποίῃ,
2192 2103 2310 2169 καὶ

278 2207 489 2284 οὕτως
525 2206 610 2272 ἂν
644 2211 1173 2292 καταναγκάσειε.
1246 2208 1441 2275 καλαὶ
1477 2206 1604 2275 οὖν
1641 2212 1709 2275 αὶ
1743 2218 2047 2276 τοιαῦται
2087 2212 2313 2296 ἰσχύες

423 2370 450 2416 1
489 2364 730 2434 κύφωμα
766 2382 867 2434 pro
904 2365 990 2437 ὕβ.
1038 2367 1142 2435 Ap.
1289 2364 1362 2422 ἂν
1401 2384 1506 2420 om.
1545 2368 1650 2436 Ap.
1797 2366 2073 2435 ἐξεστήκει
2109 2368 2155 2421 Β

278 2442 308 2489 2
345 2439 554 2500 πιεζειν
581 2437 684 2505 Ap.
797 2442 828 2490 3
864 2444 962 2506 τῆς
998 2454 1116 2491 σαν.
1145 2438 1209 2492 τὸ
1246 2438 1300 2492 ἄ.
1338 2436 1536 2507 ἥντινα
1574 2441 1671 2507 δεη
1700 2439 1803 2508 Ap.
1914 2444 1949 2491 4
1987 2440 2144 2509 δύωΞ
2169 2438 2227 2491 Μ

275 2505 623 2563 κατατείνειν
659 2507 890 2577 MVAp.
1039 2513 1070 2561 5
1109 2507 1289 2576 ὥσπερ
1327 2510 1432 2579 Ap.
1580 2515 1611 2563 6
1650 2510 1822 2574 ἔξεστι
1860 2509 1981 2563 MV
2054 2508 2313 2574 ὀνίσκοις

276 2580 437 2648 BAp.
522 2580 624 2647 τὴν
661 2595 767 2633 om.
806 2580 911 2648 Ap.
996 2578 1168 2635 ποιέε.
1199 2580 1360 2634 codd.
1442 2580 1599 2648 παρὰ
1636 2598 1741 2634 om.
1771 2581 1875 2649 Ap.
2023 2585 2055 2634 8
2096 2584 2313 2650 φιαλας

276 2652 381 2719 Ap.
520 2650 997 2720 ἐντεκτειναμενος
1047 2652 1150 2720 Ap.
1342 2657 1373 2704 9
1442 2651 1682 2719 ὄρνιθας
1743 2653 1846 2721 Ap.
1992 2650 2180 2715 θέλεις
2235 2652 2307 2719 Β,

279 2720 446 2790 ἐθέλῃ
482 2721 626 2788 MV,
672 2720 815 2793 θέλῃ
861 2723 964 2790 Ap.
1073 2725 1202 2790 post
1244 2726 1365 2778 θελ.
1406 2723 1533 2776 add.
1574 2721 1924 2790 ἑκατέρωθεν
1961 2722 2083 2777 MV
2190 2743 2309 2792 μικ.

278 2792 511 2862 MVAp.
657 2798 705 2845 9.
739 2798 804 2846 10
841 2813 1051 2862 κουρην
1088 2794 1149 2848 τὸ
1185 2811 1287 2863 pro
1324 2794 1580 2863 κορυφὴν
1617 2795 1722 2863 Ap.
1852 2799 1919 2847 10
1955 2794 2019 2848 αἱ
2056 2811 2163 2848 om.
2200 2795 2315 2864 Ap.

388 2869 451 2916 11
493 2865 843 2933 ε>ὐταμιευται
879 2864 1038 2935 BAp.
1113 2865 1220 2919 εἰσι
1257 2882 1363 2920 om.
1401 2866 1508 2934 Ap.
1618 2871 1684 2919 12
1722 2865 1884 2938 ἰσχῦν
1921 2864 1988 2931 V,
2036 2875 2162 2920 ἰ’σον
2197 2866 2314 2934 Ap.

388 2935 573 3006 ἔχουσι
610 2935 731 2989 MV
894 2940 958 2988 13
1014 2935 1123 3005 μὴν
1169 2953 1268 3005 pro
1308 2935 1380 3006 μὴ
1418 2936 1463 2989 Β
1590 2956 1776 3005 ιατριη
1814 2937 1917 3005 Ap.
2086 2943 2152 2990 14
2208 2939 2317 2991 καὶ

282 3005 342 3059 ἐν
381 3006 593 3075 scripsi,
632 3004 742 3061 κᾶν
777 3006 925 3077 vulg.
1008 3009 1106 3061 καὶ
1143 3007 1202 3061 ἐν
1234 3051 1245 3061 .
1269 3050 1280 3060 .
1306 3050 1317 3060 .
1349 3007 1637 3061 δύνασθαι
1663 3007 1830 3077 vulg„
1869 3023 1976 3061 om.
2006 3007 2313 3077 BMVAp.

391 3082 457 3130 15
494 3078 638 3131 κατὰ
665 3078 728 3132 τὸ
755 3099 807 3146 μ.
837 3078 883 3130 Β
965 3078 1086 3147 μόν.
1116 3078 1349 3147 MVAp.
1480 3084 1546 3132 16
1584 3077 1760 3140 οὕτως
1786 3078 1946 3147 BAp.
2032 3076 2314 3149 οὐδεμίαν

283 3146 404 3200 MV
510 3150 801 3215 προτιθεὶς
835 3147 889 3201 V
1046 3154 1112 3202 17
1160 3147 1344 3222 ὅμῧῆῥξ
1377 3149 1437 3202 Μ
1553 3168 1902 3204 κατατεινειν
1940 3168 2041 3204 εαν
2078 3169 2175 3219 της
2210 3153 2321 3205 καὶ

285 3219 335 3273 εἰ
370 3218 476 3299 Ap.
583 3237 684 3287 pro
722 3220 860 3273 ἀλλὰ
898 3219 1006 3288 μὴν
1042 3220 1176 3273 Litt.
1218 3220 1427 3284 ἱκανῶς
1463 3238 1590 3275 cum
1626 3221 1724 3288 eie,
1763 3237 1910 3289 quae
1948 3221 2320 3290 antecedunt,

286 3304 629 3369 cqmungens
738 3295 804 3343 18
842 3292 892 3344 εἰ
926 3310 1060 3360 ποιη
1088 3292 1159 3355 Β,
1200 3292 1251 3345 εἰ
1286 3290 1450 3362 ποιέη
1487 3292 1569 3358 Μ,
1609 3293 1812 3346 οὑτωσὶ
1846 3290 2028 3347 ποιέει
2046 3291 2115 3357 V,
2153 3291 2320 3362 ἰποίη

286 3358 420 3411 tht.
525 3360 657 3447 post
692 3360 772 3413 ἰπ.
812 3361 940 3413 add.
978 3382 1063 3422 τις
1098 3360 1217 3415 MV
1324 3361 1433 3418 κᾶν
1470 3363 1521 3416 V
1667 3368 1731 3416 19
1771 3361 1844 3417 ἂν
1882 3378 1988 3416 om.
2028 3363 2174 3430 MV,
2222 3385 2317 3433 γρ.

287 3449 338 3481 κ.
377 3424 449 3480 ἂν
489 3447 663 3490 ουτως
696 3429 733 3482 i.
763 3447 834 3482 m.
874 3430 933 3483 M
1052 3432 1527 3502 καταναγκάσειεν
1578 3434 1638 3486 Μ
1757 3434 1956 3489 καλλαὶ
2006 3433 2052 3486 Β
2177 3437 2319 3490 anbe

290 3497 395 3567 ἰσχ.
436 3497 564 3549 add.
603 3498 700 3552 καὶ
736 3498 787 3551 V
