2588 3876
824 206 1218 258 MoxAnzou
1255 208 1306 257 5.
1337 210 1385 258 6.
1417 209 1465 259 7.
1494 209 1527 258 8
2054 203 2181 269 251

159 369 415 450 κεφαλῇ
462 361 587 449 μὲν
631 366 798 451 πρὸς
845 366 1213 451 ἀκρώμιον,
1266 365 1456 452 χερσὶ
1511 368 1588 432 δὲ
1638 368 1769 433 ὑπὸ
1823 369 2184 453 μασχάλην,

161 474 460 556 κεφαλὴν
502 471 786 555 ἀπάγειν
820 475 1205 558 βραχίονος,
1252 475 1534 557 γούνασι
1580 475 1655 540 δὲ
1700 474 1966 558 ἀγκῶνα
2011 474 2186 540 ἀπω-

158 586 319 644 θεῖν
354 579 395 663 ἢ
431 576 581 644 ἀντὶ
609 590 745 645 τῶν
771 581 1119 662 γουνάτων
1146 579 1374 667 ἕτερον
1400 582 1521 647 τὸν
1548 581 1814 665 ἀγκῶνα
1839 583 2185 668 παράγειν,

158 687 252 762 ὡς
293 686 371 750 τὸ
417 688 761 771 πρότερον,
808 686 848 770 ἢ
883 685 1025 752 κατ’
1070 688 1253 768 ὤμου
1292 689 1579 770 ἵζεσθαι,
1625 687 1908 767 ὑποθεὶς
1941 699 2020 776 τῇ
2066 714 2187 775 μα-

159 792 370 878 σχάλῃ
417 792 538 857 τὸν
582 789 796 877 ὦμον,
855 793 897 877 ἢ
951 802 1029 879 τῇ
1083 793 1328 880 πτέρνῃ
1385 792 1670 860 ἐνθέντα
1714 793 2185 881 ἐκπληρώματα
2239 819 2267 862 5

157 909 238 984 τῇ
283 899 580 984 μασχάλῃ
637 898 817 986 δεξιῇ
879 898 1101 978 δεξιὸν
1154 899 1194 983 ἢ
1241 900 1395 986 περὶ
1449 901 1702 987 ὕπερον
1755 902 1796 986 ἢ
1850 900 2003 987 περὶ
2046 907 2187 967 κλι-

156 1015 457 1092 μακτῆρα
503 1006 543 1090 ἢ
588 1007 898 1093 περίοδος
942 1009 1070 1073 σὺν
1105 1014 1197 1094 τῷ
1244 1006 1420 1095 ξύλῳ
1455 1015 1557 1097 ’τῷ
1585 1009 1716 1073 ὑπὸ
1752 1019 1940 1094 χεῖρα
1974 1032 2185 1075 τεινο-

156 1112 356 1201 μένῳ.
429 1118 629 1197 ἰησις·
682 1101 757 1177 τὸ
806 1123 1049 1198 σχῆμα,
1096 1115 1261 1199 πρὸς
1306 1119 1627 1201 πλευρῇσι
1673 1116 1994 1201 βραχίων,
2041 1117 2182 1201 χεὶρ

164 1221 328 1305 ἄκρη
377 1220 546 1304 ἄνω,
592 1215 767 1304 ὦμος
810 1220 976 1285 ἅνω·
1044 1221 1255 1297 οὕτως
1300 1219 1621 1305 ἐπίδεσις,
1668 1221 2007 1305 ἀνάληψις.
2099 1220 2184 1304 ἢν

160 1327 239 1391 δὲ
281 1327 369 1410 μὴ
416 1324 692 1412 ἐμπέσῃ,
739 1325 1076 1412 ἀκρώμιον
1118 1330 1698 1412 προσλεπτύνεται.
2211 1354 2262 1396 ιο

294 1432 356 1497 6.
416 1431 783 1518 Ἀκρώμιον
827 1432 1288 1499 ἀποσπασθέν·
1347 1436 1423 1500 τὸ
1467 1436 1592 1516 μὲν
1646 1428 1824 1511 εἶδος
1877 1437 2182 1519 φαίνεται

161 1530 313 1604 οἷόν
356 1560 479 1624 περ
518 1540 703 1621 ὤμου
750 1524 1169 1624 ἐκπεσόντος,
1216 1543 1633 1626 στερίσκεται·
1661 1540 1719 1606 δ’
1766 1542 2069 1626 οὐδενός,
2117 1540 2185 1618 ἐς

159 1642 235 1710 δὲ
281 1646 355 1710 τὸ
404 1645 566 1711 αὐτὸ
614 1647 695 1712 οὐ
741 1649 1155 1713 καθίσταται.
1238 1657 1455 1732 σχῆμα
1497 1649 1573 1712 τὸ
1631 1648 1792 1713 αὐτὸ
1841 1648 1877 1713 ὃ
1925 1648 2031 1713 καὶ
2079 1646 2183 1713 ἐκ-

155 1753 427 1817 πεσόντι
482 1750 557 1817 ἐν
611 1751 899 1818 ἑπιὸέσει
952 1752 1064 1818 καὶ
1133 1753 1481 1838 ἀναλήψει·
1550 1752 1879 1831 ἑπιδέσιος
1930 1755 2042 1819 καὶ
2095 1755 2184 1831 ὡς

157 1861 379 1944 νόμος.
2212 1886 2262 1926 15

178 2019 182 2026 .
295 1965 353 2031 7.
409 1963 740 2050 Ἀγκῶνος
785 1969 1050 2053 ἄρθρον
1094 1967 1518 2053 παραλλάξαν
1553 1965 1676 2053 μὲν
1712 1968 1753 2054 ἢ
1789 1970 1952 2054 πρὸς
1986 1975 2183 2034 πλευ-

157 2074 287 2158 ρὴν
333 2073 374 2157 ἢ
420 2070 541 2150 ἔξω
587 2072 905 2157 μένοντος
956 2084 1079 2140 τοῦ
1135 2072 1320 2152 ὀξέος
1373 2074 1492 2141 τοῦ
1550 2074 1625 2141 ἐν
1676 2083 1768 2163 τῷ
1813 2080 2015 2165 κοίλῳ
2059 2084 2180 2142 τοῦ

165 2182 522 2265 βραχίονος
579 2178 646 2257 ἐς
702 2182 823 2245 ἰθὺ
878 2183 1346 2247 κατατείνοντα
1398 2183 1478 2247 τὰ
1533 2180 1836 2266 ἐξέχοντα
1889 2180 2185 2248 ἀνωθεῖν

160 2285 370 2351 ὀπίσω
417 2284 528 2351 καὶ
574 2286 641 2364 ἐς
685 2288 759 2352 τὸ
806 2288 1106 2371 πλάγιον.

293 2393 354 2457 8.
428 2394 522 2458 Ta
577 2393 653 2458 δὲ
706 2393 940 2471 τελέως
993 2392 1280 2478 ἐκβάντα
1325 2395 1365 2479 ἢ
1411 2397 1583 2460 ἔνθα
1635 2395 1677 2479 ἢ
1730 2392 1927 2460 ἔνθα·
1986 2395 2182 2460 κατά·
2209 2421 2263 2461 so

156 2516 344 2576 τασις
386 2499 540 2583 μέν,
596 2498 671 2565 ἐν
724 2491 767 2587 ᾗ
806 2497 816 2587 1
858 2500 894 2566 ὁ
940 2504 1235 2587 βραχίων
1279 2499 1629 2567 ἐπιδεῖται·
1686 2500 1858 2566 οὕτω
1914 2503 2040 2586 γαρ
2085 2502 2160 2566 τὸ
2181 2517 2286 2566 354

155 2606 505 2688 καμπύλον
559 2615 680 2671 τοῦ
737 2606 1034 2690 ἀγκῶνος
1087 2607 1168 2672 οὐ
1214 2608 1515 2673 κωλύσει.
1606 2605 1898 2673 ἐκπίπτει
1943 2608 2019 2673 δὲ
2061 2607 2182 2689 μά-

159 2716 350 2778 λιστα
396 2711 463 2790 ἐς
496 2713 572 2778 τὸ
607 2714 772 2799 πρὸς
805 2712 1146 2799 πλευρέων
1181 2713 1392 2800 μέρος.
1457 2715 1573 2791 τὰς
1600 2710 1675 2779 δὲ
1702 2715 2181 2800 κατορθώσιας,

156 2945 190 2993 2
229 2876 348 2995 ἀπῖκ
372 2888 479 2995 ’ἓν
483 2868 585 2993 all-1⁷⁸1
599 2870 683 2994 931
709 2958 783 2995 m.
792 2871 1068 3008 αὓιῖἰῗῖ,
1071 2871 1438 3012 ωὑέζτάὸᾱῖθέὸ
1486 2870 1663 2996 ς1121183,
1689 2870 2178 2997 ἀῖτῗοθὲἑῖᾶοοᾶᾰ.

266 3017 297 3064 3
416 3030 463 3065 τ.
503 3012 626 3081 ἀγκ.
656 3012 741 3078 Μ,
778 3031 825 3066 τ.
855 3012 893 3065 ἄ
895 3033 977 3082 γκ.
1014 3032 1062 3068 τ.
1102 3011 1143 3067 ἕ.
1183 3015 1287 3067 oet.
1396 3019 1431 3066 4
1468 3010 1878 3081 κατωμίζεσθαι
1914 3012 2005 3083 (of.
2045 3012 2179 3081 ἄρθ.

155 3082 274 3172 ἐμβ.
314 3098 361 3135 c
390 3084 444 3150 4)
483 3082 685 3152 auspic.
716 3083 873 3137 Foen.
909 3083 972 3136 in
998 3083 1148 3138 notis
1276 3088 1310 3137 ὅ
1349 3084 1520 3139 ἔνθεν
1545 3083 1617 3138 τὰ
1645 3084 1688 3139 ἐ.
1718 3083 1899 3151 codd„
1937 3082 2180 3139 ἐνθέντα

157 3152 228 3206 τὰ
266 3152 307 3207 ἐ.
346 3152 503 3207 Peon.
653 3157 683 3207 7
721 3154 823 3219 ξὺν
862 3154 1022 3208 codd.
1168 3158 1201 3207 8
1246 3157 1384 3208 πλευ
1386 3152 1536 3226 ρίῃσι
1573 3154 1740 3225 vulg„
1779 3171 1916 3209 corr.
1955 3153 2088 3208 Litt.

153 3227 189 3275 9
228 3222 514 3293 ἀνάληψις
538 3223 692 3279 Parr.
719 3223 1004 3291 MNLitt„
1042 3223 1185 3279 ἀνάλ
1186 3224 1309 3294 ηξις
1333 3176 1417 3278 MQ
1428 3225 1578 3296 vulg.
1726 3230 1792 3278 13
1832 3222 1862 3280 ὃ
1890 3217 2052 3294 1³1,AE
2073 3229 2179 3281 oet.

303 3300 371 3348 14
424 3295 523 3349 καὶ
568 3296 643 3359 ὡς
688 3312 795 3349 om
844 3296 904 3349 in
948 3296 1132 3361 textu,
1188 3317 1272 3365 γρ.
1320 3296 1419 3350 καὶ
1464 3298 1540 3359 ὡς
1584 3295 1756 3366 νόμος
1789 3296 1827 3351 i
1865 3315 1938 3351 m.

159 3370 224 3418 16
255 3370 500 3420 (3.7-18
527 3367 771 3435 repetita
798 3382 869 3420 ex
894 3365 1028 3422 libri
1053 3385 1113 3421 π.
1134 3367 1370 3433 ἀρθρῶν
1399 3367 1427 3421 ἐ
1426 3369 1515 3438 μ.β
1546 3385 1593 3422 c
1617 3372 1822 3421 17-29
1936 3373 2004 3421 18
2032 3368 2180 3421 ἀνω-

152 3434 319 3491 θέειν
338 3436 500 3492 codd.
576 3441 662 3491 20.
682 3443 748 3491 21
779 3437 1085 3501 κατάτασις
1109 3437 1448 3505 DFHIKU,
1475 3437 1702 3493 κατάστ.
1722 3437 1948 3508 Mvulg.
2024 3443 2092 3491 23
2121 3439 2180 3499 ἐς

154 3508 220 3561 τὸ
255 3507 317 3560 Μ
327 3507 396 3575 H
453 3508 515 3563 ἐκ
550 3516 650 3562 τοῦ
686 3508 786 3563 rel.
833 3509 993 3563 codd
1138 3508 1420 3578 πλευρέων
1456 3509 1541 3577 Μ,
1595 3509 1837 3578 πλεύρεα
1872 3457 2020 3578 vulg.
2058 3509 2177 3576 Pq„

152 3596 182 3632 ε
219 3594 359 3632 corr.
399 3595 468 3632 ex
506 3598 528 3632 ι
563 3578 629 3646 U,
666 3577 901 3650 πλευρία
937 3580 1070 3635 Litt
