2588 3876
118 168 171 187 „s

395 0 626 85 s-

346 82 393 103 s

194 106 339 159 ss

993 172 1160 228 KAT'
1200 178 1547 229 mTPEION
1586 181 1632 227 7.
1664 179 1696 227 8

290 360 324 404 o
462 340 518 405 7.
578 338 945 415 Ἐπιδέσιος
1000 339 1126 403 δύο
1183 338 1390 421 εἴδεα,
1446 336 1884 424 εἰργασμένον
1927 335 2039 402 καὶ
2087 334 2353 423 ε’ργαζό-

325 469 548 530 μενον.
638 443 1075 529 ἐργαζόμενον
1135 440 1259 526 μὲν
1321 443 1591 529 ταχέως,
1664 443 1956 527 ἀπόνως,
2031 443 2356 530 εὐπόρως,

329 552 709 637 εὐρύθμως·
772 549 1018 636 ταχέως
1079 547 1202 634 μὲν
1258 549 1489 615 ἀνύειν
1550 550 1632 614 τὰ
1686 552 1870 633 ἔργα·
1937 548 2201 627 ἀπόνως
2257 549 2357 634 δέ,

331 659 600 744 ῥηϊδίως
638 659 832 742 δρᾶν·
880 657 1154 742 εὐπορίη
1203 654 1278 722 δὲ
1316 655 1381 733 ἐς
1426 666 1562 722 πᾶν
1599 655 1849 739 ἑτοίμη·
1896 656 2231 741 εὐρυθμίη
2280 652 2358 721 δὲ

275 790 304 830 5
336 765 624 852 ὁρᾶσθαι
669 762 903 847 ἡδέως·
949 761 1066 847 ἀφ’
1115 757 1211 828 ὧν
1257 759 1333 828 δὲ
1377 772 1584 828 ταῦτα
1628 762 2037 848 ἀσκημάτων,
2086 768 2359 849 εἴρηται.

334 869 771 959 εἰργασμένον
835 866 910 934 δὲ
973 869 1273 954 ἀγαθῶς,
1337 874 1577 945 καλῶς·
1649 874 1866 947 καλῶς
1927 866 2050 953 μὲν
2114 869 2363 953 ἅπλῶς,

335 977 713 1065 εὐκρινέως·
758 975 799 1061 ἦ
846 977 1043 1062 ὅμοια
1086 975 1197 1041 καὶ
1243 977 1375 1059 ἰ’σα,
1425 982 1581 1053 ἴσως
1615 973 1726 1040 καὶ
1763 976 2030 1060 ὁμοίως·
2075 974 2116 1059 ἢ
2160 975 2363 1040 ἄνισα

334 1083 445 1149 καὶ
474 1083 776 1169 ἀνόμοια,
801 1082 1045 1160 ἀνίσως
1070 1081 1181 1148 καὶ
1211 1081 1555 1165 ἀνομοίως.
1600 1083 1682 1148 τὰ
1711 1080 1784 1148 δὲ
1812 1083 2011 1167 εἴδεα,
2040 1080 2322 1165 ἆπλόον,
2347 1078 2358 1168 Ι

227 1207 331 1255 292
354 1188 749 1276 σκέπαρνον,
788 1191 1006 1274 σιμόν,
1053 1188 1406 1272 ὀφθαλμὸς
1441 1187 1551 1253 καὶ
1589 1188 1838 1276 ῥόμβος
1872 1186 1983 1254 καὶ
2018 1189 2366 1273 ἡμίτομον.

256 1324 309 1362 10
338 1297 622 1381 ἁρμόζον
677 1297 751 1360 τὸ
800 1290 978 1372 εἶδος
1030 1301 1122 1381 τῷ
1178 1295 1342 1359 εἴδει
1397 1294 1506 1359 καὶ
1552 1303 1645 1383 τῷ
1669 1295 1894 1360 ’πάθει
1939 1303 2060 1360 τοῦ
2108 1294 2366 1360 ἐπιδεο-

339 1402 566 1487 μένου.

473 1508 530 1572 8.
588 1506 892 1590 Ἀγαθῶς
938 1504 1012 1572 δὲ
1059 1508 1184 1572 δύο
1231 1508 1413 1573 εἴδεα
1456 1517 1576 1573 τοῦ
1623 1506 2085 1593 ἐπιδεομένου·
2134 1509 2367 1592 ἰσχύος

230 1631 337 1680 294
357 1611 479 1700 μὲν
518 1614 528 1699 Ι
568 1612 609 1697 ἢ
663 1612 869 1692 πιέξει
922 1613 964 1698 ἢ
1016 1616 1262 1698 πλήθει
1318 1613 1630 1680 ὀθονίων.
1718 1616 1793 1680 τὸ
1848 1611 1971 1699 μὲν
2026 1609 2154 1679 οὖν
2199 1614 2371 1698 αὐτὴ

338 1723 378 1805 ἡ
426 1720 715 1797 ἐπίδεσις
775 1723 980 1805 ἰᾶται,
1034 1721 1107 1786 τὸ
1174 1717 1248 1785 δὲ
1312 1731 1453 1798 τοῖς
1517 1719 1819 1805 ἰωμένοις
1880 1722 2209 1806 ὑπηρετεῖ.
2299 1720 2372 1797 ἐς

260 1853 311 1894 15
340 1824 462 1912 μὲν
510 1823 635 1893 οὖν
703 1836 908 1892 ταῦτα
971 1829 1200 1911 νόμος·
1266 1825 1340 1892 ἐν
1395 1822 1469 1890 δὲ
1531 1827 1827 1891 τούτοισι
1891 1826 2166 1911 μέγιστα
2227 1825 2368 1892 ἐπι-

343 1933 578 2012 δέσιος.
668 1931 875 2012 πίεξις
920 1928 1043 2017 μὲν
1090 1933 1255 1998 ὥστε
1300 1935 1379 1998 τὰ
1434 1931 1811 2018 ἐπικείμενα
1864 1935 1951 2018 μὴ
1998 1931 2370 2018 ἀφεστάναι

343 2037 510 2125 μηδὲ
557 2038 943 2127 ἐρηρεῖσθαι
998 2040 1309 2125 (noima),
1365 2037 1509 2106 ἀλλ’
1570 2041 1908 2126 ἡρμόσθαι
1963 2040 2106 2125 μέν,
2164 2059 2373 2125 προσ-

487 2202 518 2248 2
568 2193 934 2265 ἐργαζόμενον
981 2212 1086 2250 om.
1124 2196 1234 2250 BV
1378 2195 1628 2259 εὐπόνως
1670 2196 1716 2249 Β
1869 2204 1903 2250 4
1950 2200 2090 2266 δρῆν
2132 2197 2293 2251 codd.

346 2266 596 2335 εὐπόρως
615 2266 680 2334 V,
711 2265 831 2321 Gal.
855 2266 925 2319 de
943 2266 1077 2321 fasc.
1101 2284 1144 2321 ο.
1164 2273 1192 2321 1
1224 2270 1282 2321 et
1303 2273 1334 2321 5
1354 2270 1412 2321 et
1430 2284 1642 2335 comm„
1662 2267 1794 2321 Litt.
1815 2268 1913 2335 Pq.
1987 2265 2218 2337 ἑτοίμως
2242 2268 2374 2337 BV,

346 2337 467 2392 Gal.
488 2337 645 2403 ibid„
665 2338 750 2391 ed.
772 2353 897 2403 rec„
921 2336 1034 2392 ἕτοι
1108 2360 1136 2400 ς
1154 2338 1214 2392 Μ
1268 2336 1500 2408 εὐπορίῃ
1522 2337 1583 2393 δὲ
1603 2337 1661 2401 ἐς
1676 2346 1793 2394 πᾶν
1812 2336 1999 2408 ἑτοίμη
2026 2338 2147 2393 Gal.
2170 2355 2374 2393 comm.

349 2416 450 2463 722
524 2410 819 2478 εὐρυθμῶς
846 2409 914 2476 V,
944 2408 993 2462 6
1054 2451 1064 2461 .
1096 2410 1167 2463 de
1194 2410 1330 2464 fasc.
1362 2426 1405 2463 c.
1432 2416 1459 2462 1
1491 2412 1549 2463 et
1578 2414 1625 2476 5,
1656 2410 1741 2463 ed.
1762 2426 1869 2463 rec.
1980 2416 2013 2463 5
2050 2409 2170 2479 ὁρῆ.
2207 2410 2376 2465 codd.

455 2486 487 2534 6
516 2479 894 2550 ἐργασάμενον
922 2480 974 2534 V
1036 2479 1262 2543 ἁπαλῶς
1288 2480 1341 2534 V
1436 2485 1465 2532 7
1495 2477 1531 2549 ἢ
1558 2497 1660 2549 pro
1689 2482 1788 2535 καὶ
1814 2480 1874 2533 Μ
1938 2475 2030 2534 ἶσα
2048 2480 2243 2547 BMV,
2275 2481 2374 2535 ἴσα

348 2553 462 2606 DK
534 2552 597 2608 δὲ
635 2552 731 2606 καὶ
766 2552 831 2618 Β,
869 2552 965 2605 καὶ
1002 2551 1129 2605 add.
1158 2552 1234 2604 B⁸
1341 2556 1373 2603 8
1412 2549 1617 2615 ἀνίσως
1643 2554 1740 2606 καὶ
1767 2550 2045 2622 ἀνομοίως
2078 2552 2140 2604 in
2166 2553 2380 2620 priscis

349 2623 762 2693 exemplaribus
790 2637 972 2676 errore
1001 2623 1206 2676 omissa
1234 2638 1355 2676 esse
1384 2623 1524 2677 dicit
1546 2622 1668 2676 Gal.
1690 2639 1883 2675 comm.
1907 2628 2009 2676 730
2080 2625 2212 2691 post
2240 2623 2375 2677 ἁπλ.

351 2694 480 2748 add.
511 2695 778 2749 εὔκυκλον
814 2693 1006 2761 BMV,
1045 2694 1312 2764 ἔγκυκλον
1339 2693 1505 2764 vulg„
1545 2694 1653 2748 del.
1682 2693 1833 2761 Litt„
1864 2711 1989 2747 cum
2014 2694 2378 2749 Artemidoro

351 2768 410 2819 et
435 2765 754 2819 Dioscuridi
782 2765 1053 2818 debeatur
1078 2767 1224 2819 teste
1252 2764 1373 2818 Gal.
1404 2764 1463 2817 in
1492 2781 1686 2819 comm.
1719 2770 1820 2819 729
1894 2765 2109 2820 ἁπλοῦν
2136 2765 2298 2819 codd.

353 2841 384 2888 9
416 2835 491 2889 ad
519 2835 672 2890 σκέπ.
702 2835 738 2889 i.
759 2855 858 2889 m.:
899 2831 1049 2899 εἶδός
1076 2837 1189 2891 ἐστι
1217 2845 1473 2907 χιασμοῦ,
1502 2833 1587 2890 ὅτι
1617 2836 1646 2890 ὁ
1675 2834 1968 2906 ἐπίδεσμος
1989 2836 2225 2906 πλάγιος
2252 2837 2382 2891 ἐπι·

354 2910 499 2975 δεθῆ
531 2906 605 2959 B²
674 2909 803 2976 post
841 2904 995 2978 ἆόμβ.
1027 2908 1154 2961 add.
1186 2905 1216 2962 ὃ
1247 2907 1308 2960 Μ
1380 2927 1576 2976 ιοτομα
1603 2906 1671 2974 V,
1700 2905 1998 2977 ἐπιδέσμου
2025 2905 2203 2977 ὄνομα
2230 2908 2268 2960 i.
2296 2925 2380 2961 m.

350 2978 425 3031 B²
537 2983 602 3030 10
641 2976 949 3048 ἁρμόζοντα
976 2977 1041 3045 Β,
1078 2978 1373 3048 ἁρμόσσ(ττ
1400 2977 1521 3032 Gal.
1545 2980 1737 3048 732)ον
1763 2978 1822 3031 Μ
1894 2979 2175 3049 ἐπιδευομ.
2205 2978 2267 3032 Μ

355 3056 420 3102 12
459 3049 683 3118 ἀγαθὸς
708 3049 782 3116 Μ,
822 3048 1019 3117 ἀγαθὰ
1051 3048 1309 3113 D1¹KQ'
1336 3048 1469 3104 Litt.
1543 3050 1779 3140 ἀγαθῶς
1800 3094 1811 3104 .
1835 3094 1846 3103 .
1871 3093 1881 3104 .
1904 3050 2046 3105 ἐπιδ.
2078 3066 2184 3104 om.
2214 3049 2268 3103 V

358 3124 422 3174 13
461 3117 612 3184 πιέξι
636 3120 702 3186 Β,
739 3117 925 3174 πτέσει
951 3119 1002 3173 V
1074 3119 1214 3189 αὕτη
1253 3120 1431 3187 codd„
1470 3121 1610 3189 αὐτη
1647 3120 1793 3174 Erm.
1907 3127 1972 3174 14
2010 3120 2164 3189 ἰῆται
2191 3121 2381 3189 codd„

355 3208 462 3245 om.
493 3190 553 3243 M
623 3190 754 3259 ἡται
789 3190 825 3260 ἡ
863 3192 948 3246 έπ.
984 3191 1049 3245 τὸ
1087 3190 1149 3246 δὲ
1185 3192 1231 3243 Β
1306 3190 1586 3261 ἰωμένοισι
1623 3191 1683 3244 Μ
1753 3190 2163 3263 ὑπηρετέεινᾞῃ
2206 3192 2384 3262 (duae

352 3262 464 3316 litt.
496 3263 708 3331 erasae)
734 3261 780 3314 B
853 3260 1156 3331 ὑπηρέταις
1181 3279 1282 3332 pro
1312 3263 1404 3316 ὑπ.
1436 3264 1492 3327 ἐς
1517 3262 1584 3330 V,
1612 3262 1903 3333 ὑπηρετέει
1931 3264 2034 3317 cet.
2147 3267 2213 3316 15
2245 3283 2384 3318 του-

353 3331 501 3395 τέοις
536 3331 604 3399 V,
642 3330 838 3386 -ve‘owt
876 3335 979 3387 cet.
1080 3334 1225 3389 ἐπιδ.
1263 3332 1499 3403 μάλιστα
1536 3333 1654 3387 sine
1690 3336 1897 3403 puncto
1933 3350 2034 3403 pro
2071 3333 2187 3403 μέγ.
2228 3335 2381 3389 ἐπιδ.

358 3402 478 3458 Gal.
511 3402 580 3456 de
608 3401 742 3457 fasc.
775 3420 818 3456 c.
854 3410 879 3456 1
1029 3410 1095 3458 16
1129 3402 1338 3469 πιέξεις
1371 3405 1463 3471 B1,
1498 3407 1634 3458 mut.
1664 3404 1724 3458 in
1759 3402 1938 3494 πίεξις
1970 3404 2045 3457 B²
2147 3422 2386 3487 πιισμεν

355 3491 551 3600 ἓξοοῖἷζ
631 3473 802 3598 Jde
830 3480 966 3599 fals}
986 3473 1318 3600 ῗκίμφιῗλῖἒι
1332 3476 1556 3599 932⁰ng
1570 3475 1797 3616 αῗὴὲῥμ.
1827 3475 2387 3614 1ῗὲτῖδέἒέοαῖῠέᾑᾶ
