2588 3876
970 132 1145 185 ΠΕΡΙ
1178 131 1433 185 Arm
1472 133 1554 185 ιε.
1586 134 1655 184 14
2239 129 2323 195 69

276 292 498 378 ,ἀρκεῖ
543 293 620 359 δὲ
662 294 737 359 τὸ
784 291 1006 376 ξύλον,
1051 293 1135 377 ἢν
1170 284 1214 378 ᾖ
1248 300 1578 377 τοιοῦτον,
1625 283 1773 357 οἷον
1816 293 1882 357 οἱ
1926 291 2325 377 τετράγωνοι

296 400 539 465 στύλοι
605 402 669 465 οὶ
733 401 1000 484 δρύϊνοι
1061 401 1392 483 γίνονται,
1464 409 1668 485 μῆκος
1731 397 1842 464 καὶ
1908 399 2151 475 πλάτος
2214 396 2325 463 καὶ

296 506 533 591 πάχος.

445 612 545 676 14.
594 611 799 696 Ἐπὴν
844 613 919 677 δὲ
966 613 1204 689 ἱκανῶς
1248 613 1726 697 κατατανύσῃς,
1774 612 2036 697 ῥηίδιον
2082 611 2206 694 ἤδη
2252 611 2326 675 τὸ

298 720 575 803 ἄρθρον
610 718 945 804 ἐμβαλεῖν·
1007 719 1512 805 ὑπεραιωρεῖται
1549 720 1674 803 γὰρ
1704 717 1769 795 ἐς
1800 720 2132 803 ῖθυωρίην
2153 713 2325 801 ὑπὲρ
2382 742 2406 782 5

296 835 423 909 τῆς
467 825 739 910 ἀρχαίης
793 825 1005 910 ἕδρης.
1095 832 1602 910 κατορθοῦσθαι
1658 819 1783 889 οὖν
1828 826 1949 909 χρὴ
1995 834 2170 890 τοῖσι
2213 822 2330 889 θέ-

298 949 509 1016 ναρσι
545 942 678 997 τῶν
713 942 975 1016 χειρῶν,
1013 941 1186 997 τοῖσι
1223 932 1346 1016 μὲν
1382 930 1448 1009 ἐς
1484 932 1558 997 τὸ
1596 930 1934 1015 ἐξεστηκὸς
1970 930 2329 1016 ἐρείδοντα,

296 1048 482 1102 τοῖσι
542 1037 602 1102 δ’
656 1036 762 1102 ἐπὶ
815 1038 1069 1123 θάτερα
1121 1039 1493 1121 κατώτερον
1547 1046 1665 1102 τοῦ
1722 1047 1987 1123 σφυροῦ
2044 1036 2332 1122 ἀντερεί-

305 1146 536 1210 δοντα.
609 1143 775 1228 έπὴν
822 1141 880 1209 δ’
928 1143 1230 1229 ἐμβάλῃς,
1276 1145 1361 1229 ἣν
1405 1145 1527 1229 μὲν
1573 1135 1720 1210 οἷόν
1764 1167 1834 1209 τε
1879 1135 1941 1229 ᾗ,
1988 1166 2333 1208 κατατετα-

300 1250 515 1336 μένον
559 1249 814 1316 ἐπιδεῖν
858 1254 1006 1335 χρή·
1053 1251 1138 1334 ἢν
1182 1251 1257 1316 δὲ
1301 1252 1631 1334 κωλύηται
1676 1251 1807 1316 ὑπὸ
1846 1261 1980 1315 τῶν
2018 1250 2329 1334 ἱμάντων,
2360 1278 2410 1315 ιο

303 1357 605 1433 ἐκείνους
668 1358 960 1422 λύσαντα
1022 1356 1604 1441 ἀντικατατείνειν,
1669 1355 1798 1422 ἔστ’
1853 1355 1938 1422 ἄν
2001 1355 2329 1442 ἐπιδήσῃς.

303 1462 566 1529 ἐπιδεῖν
598 1464 697 1527 ’δὲ
740 1464 859 1529 τὸν
905 1464 1110 1529 αὐτὸν
1153 1466 1406 1549 τρόπον
1451 1461 1560 1528 καὶ
1604 1465 1719 1540 τὰς
1773 1463 1974 1548 ἀρχὰς
2024 1464 2333 1539 ὡσαύτως

301 1572 722 1654 βαλλόμενον
774 1572 938 1635 κατὰ
981 1571 1055 1635 τὸ
1104 1568 1441 1652 ἐξεστηκὸς
1494 1567 1605 1635 καὶ
1649 1571 1764 1646 τὰς
1817 1571 2173 1655 περιβολὰς
2217 1571 2332 1645 τὰς

301 1677 571 1759 πρώτας
607 1679 915 1752 πλείστας
950 1678 1114 1741 κατὰ
1150 1685 1347 1741 τοῦτο
1384 1681 1748 1758 ποιεῖσθαι,
1790 1675 1898 1740 καὶ
1935 1679 2093 1752 τοὺς
2131 1681 2333 1759 σπλῆ-

302 1807 433 1859 νας
467 1784 818 1859 πλείστους
852 1784 1017 1847 κατὰ
1052 1791 1248 1848 τοῦτο
1278 1781 1388 1848 καὶ
1417 1784 1539 1867 τὴν
1566 1780 1782 1860 πίεξιν
1817 1782 2098 1866 μάλιστα
2133 1777 2325 1867 κατὰΙ
2361 1807 2411 1847 15

302 1890 582 1955 τώυτόν.
673 1889 1102 1974 προσεπιδεῖν
1175 1890 1248 1956 δὲ
1319 1889 1428 1955 καὶ
1503 1892 1705 1955 ἔνθεν
1766 1887 1877 1955 καὶ
1941 1889 2145 1953 ἔνθεν
2208 1886 2314 1954 ἐπὶ
2335 1904 2439 1953 468

304 1999 581 2080 συχνόν.
654 2000 909 2080 μᾶλλον
938 1995 1024 2061 ’δέ
1064 2022 1126 2061 τι
1163 2005 1361 2062 τοῦτο
1398 1998 1473 2062 τὸ
1513 1998 1775 2082 ἄρθρον
1810 1993 2166 2080 πεπιέχθαι
2211 1997 2333 2080 χρὴ

305 2102 389 2169 ἐν
434 2112 512 2188 τῇ
557 2104 783 2188 πρώτῃ
839 2103 1126 2168 έπιδέσει
1171 2104 1212 2188 ἢ
1256 2104 1331 2168 τὸ
1380 2102 1453 2169 ἐν
1497 2114 1576 2189 τῇ
1621 2105 1805 2189 χειρί.
1880 2102 2046 2186 ἐπὴν
2093 2101 2153 2167 δ’
2198 2101 2335 2167 ἐπι-

305 2211 538 2294 δήσῃς,
584 2208 888 2294 ἀνωτέρω
927 2210 1049 2294 μὲν
1093 2219 1211 2274 τοῦ
1259 2212 1466 2275 ἄλλου
1514 2211 1809 2294 σώματος
1846 2208 2038 2294 ἐχέτω
2075 2210 2150 2274 τὸ
2198 2208 2335 2274 ἑπι-

315 2315 546 2399 δεθέν,
591 2318 714 2400 τὴν
751 2312 825 2380 δὲ
870 2315 1066 2381 θέσιν
1104 2318 1205 2381 δεῖ
1239 2322 1580 2381 ποιεῖσθαι
1619 2316 1845 2400 οὕτως,
1893 2316 2069 2393 ὅπως
2103 2315 2337 2398 ἥκιστα
2364 2341 2416 2382 20

314 2422 898 2507 ἀπαιωρηθήσεται
947 2422 981 2487 ὁ
1036 2424 1219 2499 πούς.
1311 2424 1430 2487 τὸν
1487 2418 1561 2488 δὲ
1618 2423 1980 2507 ι’σχνασμὸν
2033 2430 2153 2486 τοῦ
2210 2423 2335 2486 σώ-

312 2552 520 2613 ματος
568 2527 777 2604 οὕτως
822 2534 1189 2611 ποιεῖσθαι,
1237 2529 1476 2612 ὁποίην
1521 2530 1671 2593 τινὰ
1717 2530 2004 2611 δύναμιν
2049 2530 2182 2611 ἔχει
2224 2525 2335 2592 καὶ

312 2636 393 2701 τὸ
429 2635 778 2718 ὀλίσθημα.
851 2636 931 2699 τὰ
966 2632 1088 2719 μὲν
1124 2637 1249 2720 γὰρ
1289 2637 1589 2721 σμικρόν,
1635 2635 1715 2699 τὰ
1752 2636 1825 2700 δὲ
1861 2634 2028 2719 μέγα
2064 2633 2335 2698 ὀλισθά-

462 2868 489 2915 1
530 2861 718 2930 ἀρκέει
755 2862 911 2917 oodd.
987 2858 1044 2917 οἳ
1078 2878 1178 2932 pro
1216 2859 1339 2917 οἷον
1375 2863 1422 2915 Β
1567 2868 1597 2915 2
1637 2864 1850 2916 στυλεοι
1887 2866 2109 2929 δρυινοι
2148 2864 2335 2918 στυλοι

305 2935 379 3000 Β,
427 2933 609 2988 στύλοι
656 2931 766 2989 οἷοι
813 2938 895 3002 ὃρ.
935 2931 1040 3004 γίν.
1081 2933 1202 2987 MV
1310 2932 1363 2987 οἱ
1398 2949 1499 3003 pro
1542 2930 1653 2988 οἶοι
1697 2933 1845 2987 Erm.
1954 2929 2198 3004 τρίβολοι
2231 2950 2333 3003 pro

307 3005 501 3059 στύλοι
555 3002 665 3060 οἶοι
716 3005 847 3059 Litt.
992 3012 1027 3059 4
1073 3005 1389 3074 κατανύσης
1432 3004 1556 3072 BV,
1614 3004 1852 3059 alherum
1895 3023 1966 3058 τα
2013 3021 2081 3057 ss,
2120 3002 2195 3056 B8

311 3082 348 3130 5
387 3074 822 3144 ὑπεραιωρέεται
858 3075 1016 3129 codd.
1141 3082 1171 3129 6
1210 3077 1654 3144 κατορθώσαντα
1690 3074 1810 3128 MV
1929 3081 1958 3129 7
1997 3073 2059 3130 δὲ
2095 3090 2195 3145 pro
2234 3074 2335 3145 μὲν

307 3146 436 3201 MV
542 3151 574 3200 8
623 3146 686 3202 δὲ
722 3146 842 3199 MV
951 3152 1015 3201 11
1055 3142 1212 3209 αὖτις
1257 3166 1445 3202 κατατ.
1484 3164 1585 3217 pro
1632 3148 1809 3203 ἀντικ.
1849 3146 2118 3216 scriptum
2162 3145 2336 3200 fuisse

310 3217 633 3287 suspicafim
676 3218 808 3272 Litt.
955 3223 1022 3270 14
1068 3221 1359 3273 ποιεῖσθαι
1405 3235 1510 3273 om.
1539 3218 1611 3284 B,
1659 3217 1956 3272 ποιέεσθαι
1995 3217 2091 3271 rel.
2236 3236 2336 3271 του

300 3306 417 3360 <pro
453 3291 584 3351 τοὺς
617 3289 664 3343 Β
810 3294 875 3343 16
913 3287 1087 3344 τωυτό
1125 3289 1245 3343 MV
1316 3290 1412 3343 καὶ
1447 3289 1600 3359 prius
1639 3305 1743 3343 om.
1773 3288 1825 3342 V
1961 3294 2027 3341 18
2066 3284 2129 3342 ἐν
2166 3295 2231 3355 τῆ
2267 3294 2335 3354 τῆ

307 3378 407 3487 ᾖ
436 3359 534 3486 ΕΒΙ.
557 3359 749 3485 ,οὲᾗὲ
759 3359 810 3414 V
863 3359 1714 3499 212ἏσῗεῖἶῗῗεῗὲιΒί3ψῖἶῗεῗ
1740 3359 1862 3484 {TN
1936 3355 2335 3482 zgnssgagfflxl

312 3502 476 3557 codd.
590 3501 672 3556 ὁκ.
704 3501 830 3558 MV
935 3501 1063 3560 τινὰ
1100 3518 1204 3558 om.
1234 3502 1294 3554 M
1402 3501 1499 3573 ἔχῃ
1536 3501 1652 3555 ΒΜ
