2588 3876
369 150 455 216 56
1054 152 1525 206 ΠΕΒΙΑΓΜΩΠ
1559 154 1673 205 (3.7

370 314 488 379 δὲν
540 314 1042 398 συμβάλλεσθαι
1096 313 1162 391 ἐς
1205 316 1330 399 τὴν
1380 312 1595 392 πίεξιν
1647 321 1763 398 τῆς
1806 315 2024 399 χειρὸς
2077 314 2202 397 τὴν
2254 323 2396 378 τῶν

260 423 753 505 438ναρθήκων
796 418 1201 508 πρόσῙθεσιν.
1291 422 1455 505 μετὰ
1500 417 1573 485 δὲ
1617 429 1823 486 ταῦτα
1867 420 1905 484 ὅ
1950 442 2021 484 τε
2069 422 2281 496 πόνος
2323 419 2402 483 αἴ

371 550 442 591 τε
488 527 838 613 ρητστῶναι
889 529 958 592 αἱ
1002 525 1195 593 αὐταὶ
1241 526 1683 612 γινέσθωσαν,
1729 528 1922 612 αἵπερ
1967 525 2077 592 καὶ
2124 525 2200 592 ἐν
2242 534 2396 611 τῇσι

372 633 731 720 προτέρῃσι
766 634 1140 718 περιόδοισι
1174 646 1311 700 τῶν
1347 633 1715 700 ἑπιδεσίων.
1789 632 1954 718 ἐπὴν
1990 630 2064 698 δὲ
2100 642 2397 717 τριταῖος

320 767 343 806 5
373 738 504 806 ἐὼν
539 750 635 826 φῇ
671 741 962 826 χαλαρὸν
1006 736 1198 825 εἶναι,
1243 738 1374 805 τότ’
1422 743 1644 806 ἔπειτα
1687 742 1812 827 χρὴ
1846 742 2004 817 τοὺς
2047 739 2399 826 νάρθηκας

373 846 785 946 ἐρείσασθαι,
839 848 1121 931 μάλιστα
1172 843 1298 932 μὲν
1350 848 1516 912 κατὰ
1567 848 1642 912 τὸ
1688 848 2014 930 κάτηγμα,
2070 846 2234 931 ἀτὰρ
2281 844 2396 911 καὶ

371 955 576 1018 τάλλα
618 940 781 1018 κατὰ
827 956 1051 1037 λόγον,
1104 946 1272 1041 ᾗπερ
1317 951 1429 1018 καὶ
1475 953 1516 1037 ἡ
1561 952 1852 1031 ἐπίδεσις
1896 952 2094 1038 ἐχάλα
2137 959 2400 1037 μᾶλλον

372 1059 412 1143 ἢ
459 1059 724 1140 ἐπίεζεν.
814 1061 1193 1145 παχύτατον
1250 1060 1328 1125 δὲ
1384 1062 1507 1146 χρὴ
1568 1055 1740 1125 εἶναι
1792 1061 1911 1125 τὸν
1957 1059 2294 1144 νάρθηκα,
2353 1049 2401 1145 ᾗ

374 1165 594 1249 ἐξέστη
632 1168 705 1232 τὸ
742 1167 1061 1252 κάτηγμα,
1105 1169 1193 1251 μὴ
1229 1168 1360 1251 μὴν
1395 1172 1637 1254 πολλῷ.
1711 1165 2124 1250 ἐπιτηδεύειν
2159 1162 2236 1230 δὲ
2272 1167 2401 1251 χρὴ

294 1301 346 1340 10
373 1274 655 1357 μάλιστα
700 1273 824 1357 μὲν
866 1271 1003 1339 κατ’
1054 1274 1387 1357 ἰθυωρίην
1430 1281 1550 1338 τοῦ
1601 1273 1892 1357 μεγάλου
1935 1273 2269 1338 δακτύλου
2309 1273 2402 1350 ὡς

374 1382 463 1464 μὴ
505 1384 790 1445 κείσεται
836 1379 873 1445 ὁ
919 1377 1205 1464 νάρθηξ,
1262 1378 1430 1444 ἀλλὰ
1481 1390 1560 1465 τῇ
1605 1378 1646 1463 ἢ
1692 1389 1800 1465 τῇ,
1855 1375 2021 1463 μηδὲ
2064 1381 2231 1444 κατὰ
2276 1381 2403 1463 τὴν

374 1495 494 1551 τοῦ
533 1494 814 1571 σμικροῦ
854 1487 1187 1551 δακτύλου
1227 1488 1580 1571 ἱθυωρίην,
1626 1478 1668 1573 ᾖ
1703 1488 1778 1551 τὸ
1816 1485 2049 1551 ὀστέον
2089 1484 2402 1571 ὑπερέχει

376 1592 451 1660 ἐν
508 1600 600 1680 τῷ
670 1601 919 1682 καρπῷ,
981 1593 1146 1659 ἀλλὰ
1200 1603 1279 1679 τῇ
1342 1592 1384 1676 ἢ
1439 1602 1535 1678 τῇ.
1625 1593 1710 1677 ’ἢν
1768 1589 1843 1657 δὲ
1902 1595 2028 1677 ἄρα
2095 1594 2263 1676 πρὸς
2323 1593 2402 1657 τὸ

374 1700 673 1785 κάτηγμα
718 1698 1022 1786 συμφέρῃ
1069 1705 1338 1766 κεῖσθαι
1383 1701 1548 1764 κατὰ
1583 1699 1788 1765 ταῦτά
1831 1721 2017 1776 τινας
2058 1709 2194 1764 τῶν
2237 1723 2405 1784 ναρ-

296 1831 347 1872 15
374 1808 629 1891 θήκων,
691 1805 1137 1893 βραχυτέρους
1193 1805 1437 1882 αὐτοὺς
1498 1807 1622 1891 χρὴ
1673 1816 1810 1870 τῶν
1873 1807 2092 1870 ἄλλων
2154 1815 2407 1889 ποιεῖν,

276 1979 285 1984 .
376 1913 465 1991 ὡς
508 1915 596 1998 μὴ
642 1910 1056 1991 ἐξικνέωνται
1101 1913 1268 1998 πρὸς
1312 1913 1394 1977 τὰ
1437 1911 1631 1978 ὀστέα
1665 1913 1745 1977 τὰ
1778 1911 2183 1998 ὑπερέχοντα
2217 1914 2406 1998 παρὰ

374 2020 493 2085 τὸν
528 2022 811 2105 καρπόν·
874 2020 1191 2096 κίνδυνος
1227 2021 1353 2104 γὰρ
1402 2017 1716 2096 ἑλκώσιος
1750 2018 1861 2084 καὶ
1897 2020 2158 2104 νεύρων
2192 2021 2408 2095 ψιλώ-

376 2142 538 2201 σιος.
626 2127 749 2209 χρὴ
797 2122 870 2191 δὲ
916 2127 1029 2190 διὰ
1072 2130 1294 2211 τρίτης
1341 2125 1621 2209 ἐρείδειν
1665 2136 1841 2191 τοῖσι
1885 2124 2172 2212 νάρθηξι
2216 2126 2407 2190 πάνυ

378 2232 589 2317 ἡσυχῇ
627 2232 798 2296 οὕτω
835 2243 914 2318 τῇ
952 2234 1178 2318 γνώμῃ
1215 2236 1470 2317 ἔχοντα,
1509 2233 1598 2309 ὡς
1626 2233 1692 2297 οὶ
1728 2233 2060 2317 νάρθηκες
2098 2237 2413 2316 φυλακῆς

296 2365 351 2404 20
380 2338 600 2403 εἵνεκα
643 2347 757 2421 τῆς
803 2337 1133 2416 ἑπιδέσιος
1176 2338 1600 2424 προσκέαται,
1647 2336 1786 2404 ἀλλ’
1835 2339 1916 2404 οὐ
1954 2336 2202 2416 πιέξιος
2238 2339 2415 2403 εἵνε-

377 2467 496 2510 κεν
540 2444 965 2510 ἐπιδεδέαται.

513 2554 568 2617 7.
601 2548 735 2616 Ἢν
777 2553 901 2635 μὲν
947 2547 1073 2617 οὖν
1119 2547 1192 2618 εὖ
1241 2553 1420 2637 εἰδῇς
1467 2551 1567 2616 ὅτι
1608 2553 1846 2628 ἱκανῶς
1891 2552 1971 2616 τὰ
2016 2550 2208 2617 ὀστέα
2249 2549 2416 2615 ἀπί-

376 2651 624 2724 θυνται
660 2657 738 2723 ἐν
760 2668 911 2744 τῇσι
937 2658 1338 2744 προτέρῃσιν
1373 2656 1747 2724 ἑπιδέσεσιν
1781 2656 1892 2723 καὶ
1927 2660 2086 2742 μήτε
2112 2657 2417 2741 κνησμοὶ

525 2820 553 2867 1
592 2816 751 2885 ξυμβ.
783 2814 906 2868 MV
988 2815 1069 2879 εἰς
1103 2816 1148 2868 Β
1294 2820 1326 2868 3
1365 2811 1485 2885 (5⁷12-
1521 2814 1738 2906 scripsi,
1777 2810 1898 2883 ραϊ-
1934 2815 2010 2881 Μ,
2049 2810 2147 2904 ῥα·
2186 2815 2291 2867 cet.

377 2890 413 2938 4
452 2902 785 2955 πρωτεριησι
821 2885 884 2952 Β,
921 2888 1170 2976 πρώτῃσι
1197 2886 1318 2940 MV
1408 2891 1437 2938 7
1476 2881 1645 2940 τᾶλλα
1680 2885 1733 2939 V
1803 2905 1944 2955 ηπερ
1981 2884 2044 2952 Β,
2080 2884 2223 2953 ἤπερ
2260 2884 2417 2955 MV,

380 2954 535 3045 εἴπερ
580 2957 728 3047 vulg.
838 2959 967 3045 post
1013 2958 1072 3029 ἐχ
1076 2956 1182 3011 άλα
1230 2956 1359 3012 add.
1399 2956 1470 3025 ἄρ
1473 2977 1511 3010 α
1547 2957 1630 3023 Pq
1593 2973 1644 3023 q.
1685 2972 1754 3009 ex
1787 2973 1894 3010 ree.
1935 2928 2094 3010 ood'd.
2132 2956 2256 3009 Par.

379 3031 414 3079 8
452 3046 487 3094 η
522 3024 735 3092 ἐπίεζεν
770 3027 833 3092 Β,
873 2980 1072 3096 ἢέπιχ
1074 3027 1324 3082 restituit
1359 3027 1434 3080 Β8
1524 3024 1699 3092 ἐπίεζε
1728 3027 1778 3081 V
1913 3027 1981 3097 ρὴ
2011 3022 2157 3083 εἶναι
2193 3026 2287 3094 Bl,
2342 3024 2413 3084 εἷ.

380 3096 566 3222 ἔξῖὴτὲ
574 3095 799 3223 ειοῑῐιῆᾮῩ
873 3048 991 3222 711141
1012 3096 1362 3260 §ssszMVV
1458 3102 1771 3225 ΙέΞπΞῗέῗιν
1788 3098 1980 3224 {od}
2020 3069 2417 3226 ΟΜΙὲᾱὲΞῖσιν

385 3237 665 3308 νάρθηξιν
692 3239 738 3291 Β
809 3239 994 3310 πάντη
1091 3257 1124 3294 0
1152 3239 1305 3296 πάνυ
1332 3239 1384 3295 V
1493 3245 1558 3293 19
1587 3239 1765 3302 οὕτως
1789 3240 1835 3293 Β
1909 3241 2137 3311 ἔχοντας
2172 3238 2297 3293 MV

382 3315 453 3363 20
487 3313 825 3379 προσκεονα(
825 3331 863 3364 α
891 3311 997 3366 del.
958 3258 1214 3380 ηέτῧται
1240 3311 1306 3379 Β,
1340 3330 1417 3381 πρ
1420 3310 1711 3367 οσκέονται
1746 3310 1867 3366 MV
1938 3313 2071 3366 ante
2096 3308 2239 3376 πιέξ.
2269 3313 2411 3366 add.

448 3401 478 3444 ς
502 3380 639 3446 MV,
676 3396 784 3433 om.
811 3381 858 3434 B
968 3381 1154 3438 ἕνεκεν
1189 3382 1242 3437 V
1381 3388 1451 3435 21
1501 3382 1890 3438 ἐπιδεδεανται
1924 3383 1998 3448 Β,
2048 3380 2416 3438 ἐπιδέδενται

443 3449 812 3518 ,ἐπιθέοντα
847 3452 900 3507 V
1034 3459 1100 3506 22
1139 3455 1470 3509 ἀπεωυπαι
1505 3453 1551 3506 Β
1691 3459 1763 3507 23
1809 3452 2107 3524 προτέρῃσι
2141 3453 2258 3506 ΒΜ

379 3520 655 3577 ἐπιθέσεσι
690 3521 811 3576 MV
