2588 3876
340 148 380 211 8
631 150 806 200 ΠΕΡΙ
840 148 987 200 ΤΩΝ
1024 150 1121 199 EN
1157 149 1491 200 ΚΕΦΑΑΗΙ
1524 146 1916 199 ΤΡῼΜΑΤΩΝ
1959 113 2025 200 εἶ
2039 152 2069 199 ⁷

336 335 483 394 νον,
529 309 849 394 ἐσφλᾶται
892 307 1020 374 ἕσω
1068 309 1196 375 ἀπὸ
1245 319 1368 374 τοῦ
1414 311 1620 375 ἄλλου
1660 307 1894 374 ὀστέου
1929 307 2249 393 μένοντος
2285 309 2364 377 ἐν

338 427 418 502 τῇ
466 417 665 501 φύσει
709 426 788 502 τῇ
835 415 1119 499 ἑωυτοῦ,
1173 414 1285 480 καὶ
1332 416 1414 500 δὴ
1462 415 1633 482 οὕτω
1682 416 1907 502 ῥωγμὴ
1953 415 2040 481 ἂν
2083 419 2358 501 προσεύη

338 532 417 609 τῇ
473 522 813 608 ἐσφλάσει·
876 525 1098 607 τρίτος
1156 516 1351 599 οὗτος
1413 525 1672 605 τρόπος.
1764 521 2082 608 ἐσφλᾶται
2146 524 2221 588 δὲ
2283 525 2363 589 τὸ

340 629 573 695 ὀστέον
609 631 857 707 πολλὰς
886 628 1088 706 ἰδέας·
1129 627 1240 694 καὶ
1277 631 1403 714 γὰρ
1441 628 1550 694 ἐπὶ
1578 628 1785 697 πλέον
1819 639 1942 694 τοῦ
1979 628 2212 694 ὀστέου
2249 629 2361 695 καὶ

282 761 311 801 5
340 734 441 802 ἐπ’
495 733 797 820 ἔλασσον,
856 734 966 800 καὶ
1021 739 1275 820 μᾶλλόν
1327 760 1399 801 τε
1452 735 1562 801 καὶ
1623 734 1689 812 ἐς
1745 736 2128 821 βαθύτερον
2185 737 2361 805 κάτω

340 842 450 910 καὶ
496 839 707 928 ἧσσόν
749 865 820 907 τε
865 840 974 917 καὶ
1021 841 1584 927 ἐπιπολαιότερον.

478 950 533 1014 7.
599 947 734 1014 Καὶ
780 948 938 1034 ἕδρη
986 949 1062 1014 δὲ
1106 958 1227 1014 τοῦ
1272 948 1500 1031 βέλεος
1553 952 1808 1034 γίνεται
1863 948 1938 1015 έν
1990 958 2081 1038 τῷ
2129 948 2366 1037 ὀστέςιν

340 1056 501 1142 ἕδρη
548 1058 675 1143 γὰρ
722 1062 1046 1139 καλεῖται,
1101 1057 1262 1121 ὅταν
1307 1055 1513 1140 μένον
1556 1057 1631 1125 τὸ
1680 1055 1913 1121 ὀστέον
1957 1055 2032 1121 ἐν
2069 1065 2154 1141 τῇ
2200 1055 2364 1122 ἑωυ-

341 1172 462 1229 τοῦ
510 1164 710 1247 φύσει
754 1165 828 1229 τὸ
874 1162 1070 1244 βέλος
1114 1159 1426 1247 στηρίξαν
1470 1161 1536 1239 ἐς
1580 1164 1655 1229 τὸ
1706 1161 1937 1228 ὀστέον
1973 1163 2180 1246 δῆλον
2214 1183 2366 1228 ποι·-

259 1297 314 1339 10
341 1274 466 1356 ήσῃ
534 1271 696 1336 ὅκου
761 1267 1112 1354 ἐστήριξεν.
1211 1267 1323 1334 καὶ
1387 1268 1583 1354 ἕδρης
1644 1267 2080 1354 ἐγγενομένης
2142 1268 2217 1335 ἐν
2278 1276 2373 1357 τῷ

343 1375 546 1465 ὀστέῳ
616 1376 842 1458 βέλεος
903 1374 1321 1462 προσγένοιτ’
1375 1374 1459 1441 ἂν
1525 1376 1753 1462 ρωγμὴ
1821 1385 1900 1462 τῇ
1966 1374 2144 1461 ἕδρῃ.
2252 1374 2365 1441 καὶ

235 1504 340 1553 206
361 1483 612 1568 φλοίσιν
659 1482 1152 1568 προσγενέσθαι
1209 1481 1575 1565 ἀναγκαῖόν
1630 1481 1812 1548 ἐστιν
1854 1481 1896 1565 ἢ
1943 1478 1955 1569 2
2012 1487 2268 1567 μᾶλλον
2324 1482 2369 1566 ἢ

343 1586 584 1674 ἧσσον,
638 1592 847 1674 ἥνπερ
917 1587 1027 1654 καὶ
1083 1589 1311 1674 ρωγμὴ
1366 1587 1838 1674 προσγένηται,
1897 1585 2192 1672 ἔνθαπερ
2250 1587 2365 1658 καὶ

346 1695 505 1782 ἕδρη
551 1695 812 1780 ἐγένετο
858 1694 969 1762 καὶ
1015 1697 1056 1780 ἡ
1094 1695 1344 1781 ῥωγμή,
1392 1694 1467 1761 έν
1501 1704 1591 1784 τῷ
1624 1695 1826 1782 ὀστέῳ
1872 1703 1960 1784 τῷ
1991 1694 2371 1780 περιέχοντι

261 1829 315 1873 15
342 1807 466 1888 τήν
508 1828 581 1868 τε
626 1802 832 1889 ἕδρην
867 1801 977 1868 καὶ
1013 1803 1137 1886 τὴν
1172 1802 1468 1888 ῥωγμήν·
1516 1801 1820 1887 τέταρτος
1865 1797 2064 1878 οὗτος
2102 1805 2369 1886 τρόπος.

341 1909 453 1978 καὶ
500 1909 657 1998 ἕδρη
704 1910 827 1995 μὲν
881 1908 965 1974 ἂν
1017 1907 1280 1993 γένοιτο
1342 1909 1590 1993 φλᾶσιν
1648 1906 1891 1993 ἔχουσα
1947 1917 2069 1979 τοῦ
2130 1906 2369 1978 ὀστέου

343 2015 495 2104 περὶ
557 2017 783 2100 αὐτήν,
844 2015 1070 2101 ρ”ωγμὴ
1132 2015 1208 2080 δὲ
1268 2015 1391 2084 οὐκ
1450 2014 1536 2082 ἂν
1587 2016 2023 2099 προσγένοιτο
2078 2025 2157 2101 τῇ
2204 2014 2370 2100 ἕδρῃ

342 2122 452 2189 καὶ
498 2132 576 2209 τῇ
636 2123 872 2207 φλάσει
924 2121 1055 2186 ὑπὸ
1112 2131 1233 2187 τοῦ
1286 2122 1541 2206 βέλεος·
1611 2123 1904 2207 πέμπτος
1962 2116 2158 2198 οὗτος
2216 2124 2370 2207 τρό-

490 2321 520 2369 1
562 2313 720 2369 εἴσσω
757 2314 805 2366 Β
941 2320 972 2367 2
990 2311 1164 2439 Ιξίώγμ
1164 2313 1288 2383 nV
1324 2315 1390 2367 ut
1427 2312 1571 2368 solet
1666 2370 1670 2375 ,
1704 2313 1974 2382 3φλοὶσει
2008 2314 2056 2366 Β
2166 2314 2269 2382 ἔσφ
2272 2317 2372 2368 λα-

346 2405 472 2441 σται
507 2386 560 2441 V
701 2392 735 2439 4
773 2384 1036 2449 εἰδέαςΒ
1126 2335 1442 2440 “Enni-stov
1478 2385 1524 2438 Β
1669 2390 1717 2439 ὅ.
1750 2391 1796 2438 6.
1837 2386 1972 2456 βαθ.
2010 2384 2109 2438 καὶ
2143 2385 2206 2439 τὸ
2244 2378 2367 2451 ἧσσ.

342 2457 389 2510 Β
555 2463 587 2510 6
626 2456 718 2511 ἐπὶ
751 2455 1048 2525 πολαιότερ
1052 2477 1117 2512 ον
1152 2457 1204 2511 V
1365 2456 1499 2509 Post
1536 2456 1749 2511 ἐπιπολ.
1789 2457 1925 2510 ordo
1961 2455 2371 2510 sententiarum

342 2530 404 2583 in
439 2529 486 2582 B
523 2528 617 2582 hio
654 2530 763 2582 est.
801 2529 899 2582 καὶ
935 2527 1000 2584 ἕδ
1034 2548 1101 2597 ης
1137 2525 1210 2583 ἂν
1249 2524 1659 2596 ἐνγενομένης.
1738 2571 1749 2581 .
1786 2525 2034 2596 πέμπτος
2065 2522 2231 2589 οὗτος
2266 2546 2330 2595 τρ

345 2601 597 2669 sequitur
645 2600 743 2654 καὶ
792 2598 925 2668 ἕδρη
977 2549 1039 2655 δῖ
1092 2607 1192 2653 τοῦ
1248 2596 1432 2669 βέλεος
1478 2641 1489 2651 .
1531 2640 1544 2653 .
1648 2569 1954 2666 ἐστήριξεν,
2008 2598 2140 2651 inde
2196 2598 2257 2653 ἐν
2305 2596 2371 2652 δὲ

342 2676 420 2745 τῷ
447 2691 527 2741 τρ.
568 2671 672 2763 ἑκ.,
722 2669 783 2728 in
818 2620 888 2723 Vq
907 2672 964 2723 et
1013 2668 1180 2739 vulgo
1231 2600 1326 2723 hio
1376 2671 1486 2731 est;
1542 2670 1639 2723 καὶ
1691 2668 1855 2738 ἕδρης
1898 2667 2198 2739 γενομένης
2246 2711 2256 2721 .
2299 2709 2311 2721 .

343 2727 554 2811 τέταρτ.
593 2713 756 2805 οὗτος
788 2761 898 2810 τρ.,
950 2741 1203 2810 sequitur
1246 2741 1345 2794 καὶ
1390 2739 1523 2809 ἕδρη
1561 2739 1623 2795 δὲ
1662 2783 1673 2793 .
1698 2783 1709 2794 .
1785 2738 1945 2832 &nmio
1914 2741 2079 2808 ριξεν,
2125 2740 2258 2793 inde
2305 2738 2372 2794 ἐν

345 2813 408 2870 δὲ
443 2818 520 2884 τῷ
555 2833 620 2882 τρ
674 2813 750 2868 ἑκ.
780 2815 910 2880 κτλ.,
1018 2812 1117 2866 καὶ
1153 2810 1287 2881 ἕδρη
1326 2810 1498 2880 μὲν..
1518 2809 1814 2881 ,πέμπτος
1849 2831 2011 2875 ουτος
2044 2831 2126 2879 τρ.
2155 2810 2217 2876 Β,
2258 2826 2368 2863 om.

344 2884 397 2938 V
422 2866 571 2954 vu'lg.
590 2834 983 2938 ‘'Sententias
965 2899 1089 2953 ipse
1115 2882 1453 2964 transposui.
1564 2886 1596 2934 8
1625 2881 1688 2937 δὲ
1714 2899 1815 2952 pro
1843 2882 1950 2952 γὰρ
1978 2882 2029 2934 V
2118 2879 2295 2938 καλέε.
2316 2880 2373 2935 V

417 2953 681 3043 μένοντος
708 2953 900 3010 ὀστέου
930 2953 1277 3009 Schneider
1260 2972 1323 3007 1n
1351 2953 1481 3008 diss.
1511 2953 1686 3008 Bonn.
1718 2956 1964 3023 (1885)p
1970 2957 2074 3008 3.4
2188 2958 2255 3006 10
2285 2949 2370 3006 ὅτι.

348 3023 702 3168 ⁸⁰ssss⁶²'v⁰,“'²
731 3023 866 3155 V}
839 3043 986 3167 οῗὲἴ.
1010 3028 1113 3150 ⁰13*
1210 3027 1341 3151 {³3³
1360 3023 1529 3151 ἕῖἑήρ
1530 3024 1893 3151 ᾱέῗᾱνὲἷῗος
1919 3019 2103 3164 ’ἕῖωέ
2106 3022 2372 3149 ἕξωῗῗν

481 3119 514 3153 ν
666 3118 738 3153 αν
805 3118 837 3153 ν

417 3119 640 3237 ἑδραιηι
674 3168 745 3233 Β,
787 3118 947 3237 ἑδρέη
984 3167 1037 3222 V
1072 3166 1248 3236 vulg„
1321 3171 1426 3238 δρῃ
1461 3117 1609 3224 Fglrm
1718 3168 1850 3235 post
1885 3115 2166 3233 ἕδρῗοειᾶᾱ
2204 3173 2272 3233 τῇ
2308 3185 2378 3220 τε

348 3235 537 3331 {stygin
566 3239 779 3308 Vvulg
740 3257 811 3308 g.,
850 3255 955 3294 om.
992 3240 1038 3292 B
1166 3243 1231 3292 12
1269 3218 1712 3307 προσγίγνεσθαι
1745 3237 1792 3290 Β
1913 3242 1978 3290 13
2016 3234 2192 3306 ἤνπερ
2229 3235 2294 3303 Β
2331 3233 2372 3304 ἢ

345 3330 489 3379 ηπερ
514 3310 566 3364 V
593 3310 742 3380 vulg.
872 3306 1074 3401 ρώγμηρ
1094 3308 1195 3363 BV
1311 3309 1562 3377 ἔνθάπερ
1599 3308 1652 3363 V
1735 3308 1896 3367 §.voa
1936 3309 2033 3362 καὶ
2070 3307 2149 3363 ἕδ.
2188 3307 2372 3373 codd„

457 3398 518 3435 ro
556 3383 654 3436 καὶ
690 3381 822 3435 Litt.
934 3387 1001 3435 14
1039 3378 1227 3451 ῤ’ωγμὴ
1267 3380 1408 3453 (καὶ
1487 3379 1549 3434 ἐν
1586 3380 1719 3434 Litt
1810 3382 2081 3449 punctum
2116 3381 2247 3449 post
2272 3397 2375 3434 πε-

345 3382 483 3525 (uf.
517 3455 563 3507 B
657 3459 724 3507 15
753 3450 978 3522 ρώγμην
1013 3453 1076 3518 Β,
1116 3450 1323 3520 φλάσιν
1447 3450 1595 3534 vulg.
1735 3456 1800 3504 17
1841 3452 1972 3504 ante
2006 3449 2377 3520 προσγένοιτο

348 3526 573 3595 signum
609 3523 1053 3593 interpositionis
1090 3523 1206 3577 sive
1240 3521 1697 3591 transpositionis
1738 3524 1757 3592 (
1762 3523 1807 3595 ·s.
1809 3525 1831 3594 )
1868 3539 1938 3575 ss.
1976 3471 2084 3575 B²9
