2588 3876
322 150 449 215 150
755 154 929 214 ΠΕΡΙ
964 151 1254 204 ΑΡΘΡΩΝ
1290 153 1650 203 ΕΜΒΟΛΗΣ
1688 156 1773 204 32.
1814 156 1881 203 33

315 311 567 392 ἔξωθεν
603 313 1097 400 ἀντερείδοντα,
1135 314 1223 390 ὡς
1250 311 1336 379 ἂν
1363 312 1695 399 συμφέρῃ·
1741 311 1851 379 καὶ
1880 312 1964 398 ἢν
1994 314 2351 399 διεστραμ-

312 418 498 503 μένοι
521 421 722 485 ἔωσιν
749 422 814 485 οἱ
842 420 1112 496 ὀδόντες
1141 421 1204 485 οἱ
1233 422 1397 485 κατὰ
1424 422 1497 485 τὸ
1522 432 1747 507 τρῶμα
1775 418 1886 486 καὶ
1903 417 2350 503 κεκινημένοι,

262 543 267 548 ’
325 526 486 592 ὅταν
531 526 605 592 τὸ
654 524 887 592 ὀστέον
931 533 1369 613 κατορθωθῇ,
1425 525 1638 606 ζεῦξαι
1691 529 1848 603 τοὺς
1894 526 2173 601 ὀδόντας
2217 527 2348 609 χρὴ

313 634 478 717 πρὸς
532 632 888 717 ἀλλήλους,
952 635 1041 718 μὴ
1104 643 1361 716 μοῦνον
1413 636 1569 710 τοὺς
1624 634 1783 716 δύο,
1838 632 2005 698 ἀλλὰ
2068 630 2179 697 καὶ
2235 630 2352 697 ἐπὶ

262 765 286 806 5
314 742 649 823 πλείονας,
705 737 987 821 μάλιστα
1041 736 1164 822 μὲν
1209 742 1489 828 χρυσίῳ,
1548 738 1677 805 ἔστ’
1725 738 1811 805 ἂν
1863 745 2210 825 κρατυνθῇ
2269 739 2348 803 τὸ

212 863 312 911 148
333 844 585 929 ὀστέον,
614 848 673 911 εἰ
702 842 776 911 δὲ
802 849 911 931 μή,
941 849 1129 935 λίνῳ·
1168 849 1391 912 ἔπειτα
1413 845 1418 933 Ι
1443 845 1697 912 ἐπιδεῖν
1724 855 1982 933 κηρωτῇ
2002 843 2111 911 καὶ
2140 848 2351 929 σπλή-

312 969 502 1018 νεσιν
541 951 652 1018 καὶ
699 953 1036 1020 ὀθονίοισι
1083 953 1370 1037 ὀλίγοισι
1415 955 1503 1037 μὴ
1550 955 1721 1037 ἄγαν
1766 951 2128 1037 ἐρείδοντα,
2173 951 2350 1017 ἀλλὰ

313 1063 674 1145 χαλαροῖσι.
757 1055 830 1124 εὖ
879 1061 1005 1146 γὰρ
1052 1059 1303 1125 εἰδέναι
1348 1063 1501 1147 χρή,
1559 1060 1661 1124 ὅτι
1707 1058 1998 1136 ἐπίδεσις
2042 1059 2352 1125 ὀθονίων

314 1167 577 1249 γνάθου
615 1169 1001 1250 καταγείσης
1036 1169 1280 1253 σμικρὰ
1316 1162 1441 1250 μὲν
1477 1165 1758 1252 ὠφελέοι
1796 1167 1901 1251 ἄν,
1949 1168 2007 1231 εἰ
2044 1178 2352 1252 χρηστῶς

239 1301 292 1340 10
320 1271 674 1357 ἐπιδέοιτο,
720 1274 969 1357 μεγάλα
1015 1269 1088 1338 δὲ
1135 1272 1219 1338 ἂν
1264 1274 1573 1358 βλάπτοι,
1630 1275 1689 1339 εἰ
1734 1284 1949 1350 κακῶς
1993 1271 2351 1339 ἐπιδέοιτο.

312 1381 532 1445 πυκνὰ
579 1381 654 1446 δὲ
697 1381 874 1464 παρὰ
919 1381 1042 1464 τὴν
1085 1383 1399 1464 γλῶσσαν
1443 1378 1870 1462 ἐσματεῖσθαι
1914 1381 2039 1465 χρὴ
2075 1377 2186 1444 καὶ
2226 1401 2353 1445 πο-

319 1488 448 1552 λὺν
481 1487 727 1573 χρόνον
754 1485 1055 1571 ἀντέχειν
1078 1496 1253 1552 τοῖσι
1293 1488 1678 1552 δακτύλοισι
1717 1493 2183 1573 κατορθοῦντα
2219 1496 2352 1552 τοῦ

316 1591 552 1659 ὀστέου
598 1593 671 1658 τὸ
727 1591 1071 1677 ἐγκλιθέν·
1136 1593 1413 1679 ἄριστον
1458 1591 1517 1658 δ’
1564 1595 1623 1658 εἰ
1671 1590 1799 1658 αἰεὶ
1837 1593 2140 1676 δύναιτο,
2188 1592 2344 1658 ἀλλ’

312 1700 439 1784 ὀὐχ
485 1691 634 1766 οἷόν
679 1723 766 1765 τε.

237 1832 287 1872 15
450 1807 553 1872 33.
603 1804 732 1872 Ἢν
780 1803 854 1872 δὲ
901 1806 1365 1892 ἀποκαυλισθῇ
1410 1805 1829 1871 παντάπασιν
1864 1806 1939 1870 τὸ
1976 1804 2216 1871 ὀστέον
2257 1844 2348 1856 —

316 1913 612 1998 ὀλιγάκις
659 1909 732 1980 δὲ
778 1922 975 1980 τοῦτο
1023 1916 1274 1996 γίνεται
1320 1952 1438 1998 -,
1495 1919 1877 2000 κατορθοῦν
1918 1908 2045 1996 μὲν
2092 1914 2218 2001 χρὴ
2268 1914 2349 1980 τὸ

319 2019 552 2086 ὀστέον
598 2020 807 2096 οὕτως
852 2020 941 2097 ὡς
986 2026 1254 2106 εἴρηται.
1330 2020 1490 2085 ὅταν
1536 2016 1610 2085 δὲ
1665 2021 2126 2106 κατορθώσῃς,
2177 2024 2350 2099 ’τοὺς

318 2126 597 2202 ὀδόντας
632 2128 755 2211 χρὴ
793 2127 1164 2210 ζευγνύναι,
1202 2127 1289 2203 ὡς
1334 2128 1638 2212 πρόσθεν
1683 2127 1960 2212 εἴρηται·
2007 2125 2175 2211 μέγα
2211 2129 2345 2214 γάρ

316 2231 401 2297 ἂν
455 2233 906 2317 συλλαμβάνοι
961 2231 1028 2310 ἐς
1082 2235 1155 2299 τὸ
1212 2233 1548 2319 ἀτρεμεῖν·
1611 2231 1883 2320 προσέτι
1933 2231 2046 2298 καὶ
2099 2235 2187 2317 ἥν
2221 2256 2349 2312 τις

455 2395 482 2443 1
523 2386 862 2458 ἀντερείδειν
900 2388 1020 2443 MV
1110 2391 1277 2460 ξυμφ.
1318 2389 1438 2444 MV
1519 2387 1590 2458 κῆ
1595 2411 1627 2444 ν
1664 2389 1785 2443 MV
1865 2387 2035 2514 κα4ὶῆ

309 2463 429 2529 λαρ.
460 2462 535 2531 (8)
582 2478 688 2515 om.
732 2465 784 2514 Γ
885 2467 916 2514 2
955 2461 1054 2515 καὶ
1100 2478 1205 2516 om.
1244 2434 1367 2514 MV
1439 2459 1644 2515 ὁκόταν
1681 2459 1801 2514 MV
1992 2459 2115 2532 μόν.
2150 2412 2345 2527 οοὲἃ.,

310 2540 453 2602 μοῦν
480 2532 577 2622 Pq.
654 2531 747 2585 ἐπὶ
782 2548 889 2585 om.
920 2531 1040 2585 MV
1157 2537 1204 2585 4.
1229 2537 1260 2586 5
1298 2530 1539 2595 πλέονας
1574 2532 1695 2585 MV
1813 2536 1844 2585 5
1882 2552 1948 2602 χρ
1918 2537 2066 2606 ρυσῷ
2095 2533 2141 2585 Β
2216 2529 2338 2589 εὖτ’

308 2621 410 2675 pro
437 2600 550 2659 ἔστ’
581 2601 633 2656 V
703 2606 963 2673 κρατηθῇ
1010 2603 1069 2656 Μ
1178 2610 1225 2657 6.
1250 2609 1280 2657 7
1321 2607 1460 2672 σπλη
1464 2621 1657 2685 vsocptv
1685 2603 1750 2669 Β,
1789 2587 2052 2670 σπλήνεσι
2078 2603 2137 2656 Μ
2208 2607 2344 2673 post

312 2677 429 2728 σπλ.
462 2674 592 2728 add.
625 2672 857 2743 ὀλίγοισι
885 2672 1005 2727 ΜΨ
1122 2680 1152 2728 7
1192 2675 1289 2729 καὶ
1320 2673 1411 2729 ὀθ.
1444 2673 1519 2729 ὀλ.
1558 2674 1593 2727 i.
1614 2692 1686 2728 m.
1708 2646 1795 2726 Μ’
1868 2671 2189 2729 ὀθονίοισιν
2217 2675 2344 2729 MV

382 2752 413 2799 8
441 2748 775 2836 χαλαροῖσιν
786 2744 932 2799 M'V
1041 2751 1073 2799 9
1102 2745 1302 2820 γνάθῳ
1330 2743 1629 2818 καταγείσῃ
1658 2767 1711 2816 μ.
1734 2744 1912 2811 codd,
1943 2765 2039 2800 -ov
2069 2763 2267 2816 -.σηςμ
2292 2751 2351 2800 Γ

380 2836 509 2886 μικρ
479 2816 585 2884 ρὰν
613 2816 672 2869 Μ
744 2837 817 2870 αν
846 2818 936 2885 ὠφ
941 2815 1102 2870 ,ΜΨ
1230 2822 1297 2870 10
1324 2814 1602 2886 μέγαλα..
1627 2815 1805 2871 ἐπιδ.
1836 2832 1944 2869 0111.
1975 2817 2078 2885 Μῑ,
2116 2817 2245 2871 add.
2276 2818 2342 2871 in

310 2904 382 2941 m.
412 2886 498 2939 Μ’
570 2885 628 2941 δ’
669 2886 792 2941 MV
893 2837 986 2942 11
1026 2906 1238 2942 πυκινα
1270 2892 1323 2941 Γ
1389 2885 1758 2977 ἐσματέεσθαι
1784 2889 1846 2952 Β,
1888 2886 2261 2958 ἐσμάττεσθαι
2291 2894 2350 2943 Γ

311 2954 432 3012 Gal.
470 2958 532 3010 in
568 2975 763 3013 comm.
812 2958 961 3028 vulg.
1110 2956 1232 3013 οἷον
1279 2958 1342 3012 ἐν
1389 2960 1561 3030 βαθει
1606 2961 1789 3028 ζητεῖν
1836 2956 2114 3027 σημαίνει,
2159 2959 2222 3013 τὸ
2273 2960 2340 3016 δὲ

312 3027 679 3097 ἐσματέεσθαι
714 3030 778 3083 τὸ
816 3028 877 3085 ἐν
915 3032 1093 3101 βαθεῖ
1125 3034 1305 3098 ζητεῖν
1342 3030 1378 3083 1.
1416 3047 1491 3083 m.
1528 3029 1632 3094 B³‚
1690 3029 1819 3084 ἀντὶ
1861 3038 1962 3084 τοῦ
2009 3033 2189 3099 ζητεῖν
2238 3033 2342 3085 καὶ

308 3102 509 3173 ψηλαφ
513 3108 586 3154 ἅν
621 3100 658 3153 i.
696 3118 771 3154 m.
808 3100 908 3153 inf.
1067 3106 1149 3154 11.
1191 3107 1255 3154 12
1294 3103 1472 3155 πολῦν
1508 3099 1561 3154 V
1586 3071 1652 3154 u’t
1680 3099 1910 3173 saepius
2041 3107 2234 3155 1213
2272 3104 2339 3158 τὸ

308 3120 509 3224 ὀστέου
536 3170 632 3236 ΓῙ,
670 3171 805 3224 mut.
844 3171 906 3224 in
941 3179 1042 3225 τοῦ
1081 3169 1127 3225 6.
1164 3188 1312 3225 man.
1353 3178 1385 3224 2
1500 3176 1564 3225 13
1604 3171 1744 3226 ἐνκλ.
1782 3173 1905 3238 ΒΓ,
1946 3169 2184 3227 ἐκλυθέν
2213 3171 2266 3226 V

312 3241 608 3308 ἄριστον..
632 3261 835 3311 ,γεγρα
915 3241 1059 3297 ένων
1087 3245 1306 3332 (15134)
1336 3246 1531 3297 0111.Γ
1631 3244 1718 3298 δει
1744 3243 1836 3309 13²,
1874 3241 1939 3297 δὲ
1976 3244 2026 3298 εἰ
2053 3244 2127 3297 B²
2156 3246 2261 3298 cet.

312 3312 363 3364 εἰ
402 3327 507 3365 0111.
528 3311 579 3364 V
650 3312 740 3365 ἀεὶ
766 3312 826 3365 Μ
996 3318 1065 3366 14
1102 3311 1226 3384 οὐχ’
1254 3314 1323 3366 ut
1351 3312 1564 3368 solebV
1637 3312 1855 3368 οἴονται
1882 3314 1928 3367 Β
2041 3320 2105 3369 15
2146 3324 2202 3405 ιῇ
2233 3315 2338 3370 ἐαν

312 3382 707 3449 ἀποκαυλισθη
753 3401 816 3436 το
865 3381 1058 3437 ὀστεον
1102 3391 1200 3452 τῆς
1243 3404 1393 3439 κατω
1441 3383 1666 3454 γνάθου
1712 3386 1799 3441 tit.
1849 3386 1895 3438 B
2004 3404 2339 3443 πανταπάσι

313 3451 432 3505 MV
578 3456 642 3504 17
694 3451 876 3540 ὥσπερ
914 3453 1034 3507 MV
1180 3459 1245 3507 18
1296 3454 1616 3523 ἔμπροσθεν
1652 3455 1771 3510 MV
1917 3460 1983 3509 19
2042 3455 2112 3510 αν
2151 3474 2220 3512 ss,
2260 3458 2340 3511 13²

421 3520 865 3592 συνλαμβάνοιεν
901 3524 947 3576 Β
1054 3524 1117 3577 τὸ
1155 3524 1440 3594 ἀτρεμέειν
1478 3526 1549 3593 Β,
1586 3526 1687 3596 τὴν
1726 3525 1991 3597 ἀτρεμίην
2028 3528 2147 3583 MV
