2588 3876
346 179 476 242 134
796 182 969 232 ΠΕΡΙ
1005 180 1294 233 ΑΡΘΡΩΝ
1330 181 1689 233 ΕΜΒΟΛΗΣ
1729 184 1810 232 13.
1844 183 1911 231 14

339 339 862 425 ἀπεσπασμένον.
941 343 1099 407 τάδε
1135 342 1268 426 μὴν
1307 337 1381 407 εὖ
1420 343 1543 427 χρὴ
1582 341 1830 407 εἰδέναι
1864 341 1990 422 καὶ,
2011 338 2376 426 προλέγειν

337 448 425 523 ὡς
470 446 795 532 ἀσφαλέα,
842 450 902 513 εἰ
947 449 1158 525 ἄλλως
1204 447 1493 532 ἐθέλοις,
1540 449 1639 513 ὅτι
1675 449 1887 533 βλάβη
1926 444 2049 533 μὲν
2085 447 2376 528 οὐδεμία

339 556 492 619 οὔτε
529 556 768 640 σμικρὴ
807 556 960 620 οὔτε
1006 555 1252 639 μεγάλη
1301 565 1392 644 τῷ
1441 555 1595 642 ὤμῳ
1642 557 1894 639 γίνεται
1938 554 2069 620 ἀπὸ
2117 554 2372 618 τούτου

336 669 457 725 τοῦ
502 662 869 745 τρώματος,
917 662 1178 745 αἴσχιον
1224 647 1299 727 6}
1344 663 1417 726 τὸ
1456 665 1733 748 χωρίον·
1792 661 1954 726 οὐδὲ
1988 662 2114 745 γὰρ
2161 669 2367 725 τοῦτο

239 783 340 832 118
358 768 434 832 τὸ
474 766 706 832 ὀστέον
744 766 809 843 ἐς
845 769 966 851 τὴν
1002 768 1283 853 ἀρχαίην
1314 768 1517 853 ἕδρην
1563 768 1804 853 ὁμοίως
1864 765 1989 853 ἀνί
2032 767 2370 854 ἱδρυθείη,

283 901 309 940 6
337 874 423 950 ὡς
469 872 817 958 ἐπεφύκει,
865 873 1029 940 ἀλλά
1076 874 1327 959 ἀνάγκη
1375 874 1414 959 ἢ
1452 874 1658 939 πλέον
1693 876 1734 960 ἢ
1771 877 2054 939 ἔλασσον
2091 873 2371 959 ὀγκηρό-

336 1003 534 1064 τερον
579 975 752 1046 εἴναι
798 980 864 1057 ε’ς
908 984 983 1046 τὸ
1031 983 1186 1047 ἄνω.
1278 982 1438 1046 οὐδὲ
1483 983 1610 1067 γὰρ
1667 982 1832 1046 ἄλλο
1881 979 2116 1046 ὀστέον
2162 976 2370 1045 οὐδὲν

336 1085 401 1163 ἐς
462 1087 536 1151 τὸ
593 1088 754 1152 αὐτὸ
810 1092 1231 1173 καθίσταται,
1298 1090 1334 1154 ὅ
1398 1112 1461 1153 τι
1507 1088 1592 1153 ἂν
1649 1086 2011 1153 κοινωνέον
2067 1079 2112 1172 ᾖ
2167 1085 2367 1174 ἑτέρῳ

337 1192 540 1281 ὀστέω
596 1192 706 1259 καὶ
759 1197 1230 1280 προσπεφυκὸς
1284 1194 1687 1280 ἀποσπασθῇ
1743 1194 1872 1260 ἀπὸ
1926 1203 2041 1277 τῆς
2094 1194 2368 1279 ἀρχαίης

259 1326 312 1366 ιο
338 1301 591 1383 φύσιος.
666 1300 1018 1366 ἀνώδυνον
1063 1298 1138 1366 δὲ
1182 1303 1255 1366 τὸ
1292 1301 1631 1387 ἀκρώμιον
1676 1300 1750 1366 έν
1787 1300 2049 1387 ὀλίγῃσι
2085 1299 2364 1385 ἡμέρῃσι

333 1408 619 1490 γίνεται,
666 1406 750 1490 ἢν
795 1419 1088 1493 χρηστῶς
1135 1405 1488 1491 ἐπιὸέηται.

468 1512 568 1576 14.
615 1512 825 1597 Κληὶς
862 1511 936 1579 δὲ
971 1526 1346 1598 καταγεῑσα,
1384 1515 1469 1599 ἢν
1495 1515 1619 1599 μὲν
1646 1512 1968 1599 ἀτρεκέως
2005 1512 2362 1577 ἀποκαυλι-

334 1626 499 1705 σθῇ,
538 1619 912 1706 εὐιητοτέρη
945 1619 1149 1686 ἐστίν·
1197 1622 1281 1706 ἢν
1320 1621 1396 1687 δὲ
1420 1619 1872 1706 παραμηκέως,
1909 1618 2358 1703 δυσιητοτέρη.

330 1726 646 1791 τάναντία
701 1727 777 1792 δὲ
828 1729 1089 1805 τούτοις
1143 1726 1327 1793 ἐστὶν
1388 1728 1430 1812 ἢ
1485 1728 1573 1803 ὡς
1627 1728 1711 1792 ἄν
1767 1750 1869 1803 τις
1932 1726 2174 1792 οἴοιτο·
2236 1727 2356 1809 τὴν

257 1858 307 1899 ιι
335 1829 457 1914 μὲν
500 1835 627 1919 γὰρ
674 1833 992 1919 ἀτρεκέως
1038 1834 1653 1900 ἀποκαυλισθεῑσαν
1697 1832 2226 1919 προσαναγκάζοι
2269 1833 2352 1896 ἄν

331 1964 431 2017 τις
488 1945 741 2022 μᾶλλον
804 1938 870 2018 ἐς
928 1943 1051 2025 τὴν
1114 1944 1327 2026 φύσιν
1386 1940 1639 2006 ἐλθεῖν·
1712 1942 1821 2005 καὶ
1875 1940 2003 2025 γὰρ
2061 1942 2123 2005 εἰ
2183 1937 2355 2005 πάνυ

329 2050 831 2131 προθυμηθείη,
868 2049 941 2111 τὸ
981 2047 1285 2134 ἀνωτέρω
1325 2047 1664 2132 κατωτέρω
1704 2046 1789 2112 ἂν
1824 2054 2164 2130 ποιήσειεν
2201 2049 2349 2130 σχή-

328 2154 493 2234 μασί
545 2176 615 2216 τε
675 2151 1100 2237 ἑπιτηὸείοισι
1168 2156 1278 2220 καὶ
1339 2153 1625 2220 ἑπιὸέσει
1679 2153 2088 2239 ἀρμοζούσῃ*
2166 2154 2223 2218 εἰ
2277 2151 2351 2216 δὲ

329 2260 415 2342 μὴ
474 2258 707 2335 τελέως
776 2260 1115 2346 ἱδρυθείη,
1185 2260 1326 2326 ἀλλ’
1390 2256 1516 2327 οὖν
1574 2261 1648 2325 τὸ
1713 2257 2040 2345 ὑπερέχον
2106 2280 2182 2343 γε
2232 2266 2348 2323 τοῦ

257 2392 310 2431 20
339 2364 573 2431 ὀστέου
620 2366 700 2431 οὐ
747 2367 954 2452 κάρτα
1009 2366 1127 2445 ὀξὺ
1175 2370 1444 2452 γίνεται.
1535 2362 1633 2432 ὧν
1688 2365 1747 2431 δ’
1802 2364 1887 2431 ἂν
1930 2363 2353 2450 παραμηκέως

470 2581 498 2630 1
538 2577 640 2633 εἰδ.
678 2577 782 2648 χρὴ
820 2577 941 2632 MV
1049 2584 1079 2631 2
1120 2578 1325 2646 οὐδεμη
1354 2577 1446 2645 B1‚
1484 2577 1615 2632 οὐδὲ
1654 2574 1754 2646 μία
1791 2575 2006 2630 B⁸MV
2115 2582 2146 2629 3
2185 2573 2343 2644 μικρὴ

326 2647 445 2701 MV
518 2645 601 2702 ὅτι
629 2648 741 2702 ἀπὸ
770 2657 870 2704 τοῦ
900 2645 1187 2718 ἀκρωμίον
1216 2647 1392 2719 βλάβη
1423 2649 1489 2702 οὔ
1519 2644 1730 2717 γίνεται
1759 2647 1820 2701 in
1847 2646 1935 2700 fit.
1966 2645 2026 2700 M
2153 2652 2186 2699 4
2222 2645 2341 2700 οὔτε

326 2718 410 2772 B*
444 2735 580 2773 corr.
620 2719 704 2771 Β8
830 2724 860 2772 5
902 2719 1125 2787 ἱδρυνθ.
1162 2718 1274 2773 BV
1400 2724 1432 2773 6
1471 2718 1651 2787 ὥσπερ
1689 2718 1809 2772 MV
1881 2717 2188 2786 ἐπεφύκεεν
2224 2713 2338 2769 MV

397 2787 518 2843 ἀλλ’
558 2788 679 2843 MV
840 2797 871 2844 6
910 2787 944 2859 ἢ
982 2793 1113 2845 ansse
1150 2788 1319 2845 πλέον
1357 2808 1463 2844 om.
1504 2789 1623 2843 MV
1784 2794 1817 2842 8
1853 2789 1928 2843 τὼ
1968 2790 2117 2842 αὐτὼ
2157 2787 2201 2841 Β

330 2865 395 2913 10
431 2879 489 2914 τε
526 2861 571 2912 Β
664 2859 910 2931 ὀλίγῃσιν
948 2862 996 2916 V
1152 2867 1214 2915 11
1266 2858 1406 2932 γίγν.
1445 2859 1490 2914 Β
1548 2884 1552 2888 ·
1639 2865 1703 2914 12
1752 2878 1881 2928 περι
1920 2861 2140 2921 κλειδος
2174 2858 2259 2912 tit.
2297 2856 2336 2908 B

431 2932 559 2999 περὶ
596 2934 811 2995 κλειὸος
846 2931 1207 3004 κατεαγείσης
1242 2933 1330 2985 tit.
1371 2932 1453 2995 M,
1493 2950 1621 3001 περι
1657 2933 1875 2993 κλειὸος
1919 2950 2066 2984 κατα
2102 2947 2222 3000 ισης
2255 2928 2335 2980 tit.

332 3004 384 3054 Γ
447 2999 593 3064 κλείς
627 3003 690 3069 Β,
725 3007 910 3072 κληεις
951 3008 1013 3058 Γ,
1074 3021 1389 3073 κατεηγησα
1425 3003 1553 3067 ΒΓ,
1602 3011 1935 3072 κατεαγεῖσα
1969 3002 2030 3055 Μ
2094 3044 2105 3066 ,
2155 3019 2332 3068 καταγ.

327 3072 466 3125 Foos
557 3073 695 3140 ἄτᾳ,
733 3075 768 3128 i.
808 3093 879 3127 m.
921 3074 1156 3142 ἀλήθου,
1196 3075 1271 3127 13²
1418 3080 1482 3128 13
1523 3070 1637 3129 ἐστί
1672 3073 1733 3127 Μ
1822 3071 2166 3142 παραμήκως
2198 3071 2242 3124 Β

331 3148 398 3195 14
440 3142 713 3197 τάναντία
753 3191 762 3200 .
796 3190 806 3200 .
840 3188 849 3197 .
889 3154 1052 3200 τοῦτο
1127 3145 1196 3199 ι’ν.
1245 3149 1318 3217 (p.
1344 3150 1462 3212 135,
1482 3147 1535 3214 8)
1586 3162 1691 3199 om.
1736 3146 1789 3197 Γ
1864 3153 2028 3198 τοῦτο
2075 3144 2181 3199 ἐὼν
2217 3142 2254 3197 ἐ.
2304 3137 2345 3191 Β

436 3219 501 3267 15
537 3215 1054 3285 προσαναγκάσειεν
1090 3167 1210 3270 {IV
1321 3223 1386 3271 16
1425 3216 1530 3288 γὰρ
1569 3232 1675 3269 om.
1713 3214 1838 3270 MV
1908 3215 1945 3284 ἡ
1982 3229 2082 3284 pro
2122 3213 2171 3268 εἰ
2205 3212 2261 3265 Μ

333 3340 397 3388 17
435 3287 754 3404 προῗιιηθείη
791 3337 873 3400 Μ,
923 3354 1012 3402 se„
1048 3340 1112 3391 ut
1146 3339 1391 3403 videtur,
1450 3341 1571 3393 ead.
1620 3358 1690 3393 m.
1872 3338 2124 3407 ποιήσειε
2179 3337 2250 3402 V,
2308 3352 2339 3385 ν

331 3421 469 3459 oran.
509 3407 568 3458 M
705 3412 769 3486 19
809 3406 1068 3476 ἱδρυθείη
1095 3409 1296 3487 BMV,
1337 3409 1560 3477 ἱδρυνθ.
1591 3427 1732 3476 rec.,
1770 3410 1821 3463 εἰ
1857 3409 1922 3464 δὲ
1961 3452 1970 3463 .
2006 3452 2016 3462 .
2050 3452 2061 3463 .
2101 3408 2205 3475 lap.
2244 3421 2339 3459 om.

332 3475 443 3541 M¹‚
492 3476 669 3529 adeor.
708 3493 744 3527 1.
783 3494 854 3528 m.
894 3476 980 3529 M²
1085 3498 1143 3532 τε
1180 3479 1226 3531 Β
1371 3486 1439 3533 20
1485 3478 1626 3551 γίγν.
1664 3481 1733 3546 Β,
1787 3480 2043 3545 ὀξύνεται
2079 3495 2178 3549 pro
2216 3476 2258 3532 ὀ.
2291 3494 2339 3543 γ.

340 3544 391 3596 V
499 3563 841 3613 παραμηκως
877 3546 947 3609 Β,
995 3547 1320 3617 παράμηκες
1355 3549 1474 3602 MV

2535 523 2538 614 1

2535 617 2538 658 4

2535 665 2538 782 †
