2588 3876
399 108 532 171 210
852 111 1028 160 ΠΕΡΙ
1063 109 1354 161 ΑΡΘΡΩΝ
1392 110 1754 159 ΕΜΒΟΛΗΣ
1792 112 1876 160 60.
1908 112 1972 160 61

398 278 491 357 τῷ
530 269 749 335 σκέλει
785 268 1254 353 αὐξανόμενοι,
1292 269 1678 356 βραχυτέρω
1714 269 1839 353 μέν
1874 291 2009 334 τινι
2044 278 2167 333 τοῦ
2207 267 2429 352 ἑτέρου

399 376 609 459 ἐόντι,
671 375 846 459 ὅμως
894 372 967 440 δὲ
1015 374 1423 460 ἐρειδόμενοι
1470 374 1645 463 ξύλω
1692 374 1799 440 ἐπὶ
1844 384 2080 458 ταῦτα,
2126 367 2170 459 ᾗ
2216 376 2292 438 τὸ
2340 392 2428 439 σι-

401 484 611 567 ναρὸν
658 481 913 558 σκέλος·
972 482 1052 546 οὐ
1101 484 1226 567 γὰρ
1274 482 1481 567 κάρτα
1520 483 1863 547 δύνανται,
1889 483 2052 546 ἄνευ
2090 490 2207 564 τῆς
2246 480 2429 564 πτέρ-

399 613 520 671 νης
547 596 637 675 τῷ
678 590 913 671 στήθει
939 596 1059 652 τοῦ
1089 588 1293 664 ποδὸς
1331 595 1623 672 χρῆσθαι
1651 586 2128 670 ἐπικαθιέντες,
2168 587 2387 670 ὥσπερ
2417 584 2424 669 Ι

292 711 399 759 260
420 693 495 759 ἐν
534 692 814 778 ἑτέροισι
852 695 1271 778 χωλεύμασιν
1318 690 1487 759 ἔνιοι
1535 695 1881 759 δύνανται·
1939 699 2158 758 αἴτιον
2205 690 2280 757 δὲ
2314 701 2428 756 τοῦ

347 829 373 866 ε
401 802 489 884 μὴ
550 800 887 865 δύνασθαι
945 802 1021 865 τὸ
1083 800 1286 887 ὀλίγῳ
1346 802 1646 885 πρόσθεν
1701 798 2077 885 εἰρημένον·
2144 800 2257 863 διὰ
2310 793 2429 863 οὖν

400 915 603 971 τοῦτο
649 906 1089 992 προσδέονται
1136 905 1361 983 ξύλου.
1454 907 1601 971 ὅσοι
1648 907 1722 972 δὲ
1768 905 1854 971 ἄν
1897 903 2429 988 καταμεληθέωσι

401 1011 513 1077 καὶ
558 1012 769 1096 μηδὲν
813 1012 1137 1097 χρέωνται
1183 1010 1292 1077 ἐπὶ
1338 1014 1461 1096 τὴν
1506 1021 1636 1095 γῆν
1680 1021 1772 1101 τῷ
1812 1012 2056 1095 σκέλει,
2116 1011 2284 1076 ἀλλὰ
2326 1034 2429 1095 με-

401 1117 654 1203 τέωρον
700 1121 926 1203 ἔχωσι,
972 1120 1271 1183 τούτοισι
1320 1120 1597 1202 μινύθει
1634 1118 1756 1200 μὲν
1792 1120 1872 1182 τὰ
1908 1117 2104 1182 ὀστέα
2141 1116 2209 1194 ἐς
2245 1115 2428 1200 αὔξη-

321 1252 373 1290 10
401 1242 514 1290 σιν
558 1229 814 1310 μᾶλλον
849 1224 890 1307 ἢ
928 1235 1104 1289 τοῖσι
1140 1223 1603 1309 χρεωμένοισι·
1651 1226 2026 1309 μινύθουσι
2064 1224 2139 1288 δὲ
2177 1225 2244 1288 αὶ
2281 1224 2429 1308 σάρ-

400 1354 508 1407 κες
571 1334 743 1395 πολὺ
807 1335 1063 1411 μᾶλλον
1127 1331 1167 1414 ἢ
1230 1342 1405 1396 τοῖσι
1470 1329 1933 1416 χρεωμένοισι·
2007 1331 2172 1395 κατὰ
2229 1330 2302 1394 δὲ
2352 1330 2427 1393 τὰ

401 1438 627 1521 ἄρθρα
672 1435 739 1512 ἐς
784 1438 859 1501 τὸ
900 1438 1022 1501 ἰθὺ
1068 1447 1399 1521 πηροῦται
1434 1439 1510 1501 τὸ
1560 1436 1792 1513 σκέλος
1836 1437 2136 1501 τούτοισι
2181 1438 2427 1520 μᾶλλόν

401 1567 464 1606 τι
513 1543 553 1626 ἢ
601 1533 781 1607 οἷσιν
826 1541 911 1606 ἂν
957 1544 1171 1619 ἄλλως
1218 1541 1616 1626 ε’κπεπτώκῃ.

536 1648 639 1713 61.
694 1648 806 1724 Ὡς
850 1649 973 1732 μὲν
1020 1642 1146 1713 οὖν
1194 1648 1266 1713 ἐν
1312 1650 1649 1735 κεφαλαίῳ
1697 1650 2037 1734 εἰρῆσθαι,
2083 1652 2166 1714 τὰ
2214 1651 2425 1734 ἄρθρα
2538 1724 2539 1747 ἦ

320 1781 372 1820 15
401 1756 480 1819 τα
527 1754 926 1820 ἐκπίπτοντα
970 1753 1081 1819 καὶ
1136 1756 1216 1819 τὰ
1263 1754 1717 1819 ὀλισθάνοντα
1771 1754 2014 1832 ἀνίσως
2060 1755 2229 1820 αὐτὰ
2274 1754 2425 1820 ἑωυ-

400 1870 619 1925 τοῖσιν
656 1860 952 1925 ἐκπίπτει
998 1859 1107 1925 καὶ
1145 1861 1524 1944 ὀλισθάνει,
1572 1862 1809 1925 ἄλλοτε
1844 1861 1968 1945 μὲν
2003 1864 2179 1926 πολὺ
2216 1859 2423 1943 πλέον,

402 1968 636 2032 ἄλλοτε
683 1964 757 2032 δὲ
801 1965 1110 2032 ἔλασσον·
1175 1966 1286 2032 καὶ
1345 1958 1482 2032 οἷσι
1536 1968 1660 2052 μὲν
1715 1967 1800 2031 ἂν
1844 1966 2051 2032 πλέον
2107 1967 2344 2052 ὀλίσθῃ
2385 1967 2423 2050 ἢ

403 2072 670 2158 ἐκπέσῃ,
716 2074 1135 2159 χαλεπώτερα
1181 2073 1536 2158 ἐμβάλλειν
1580 2077 1655 2139 τὸ
1704 2072 1946 2138 ἐπίπαν
1983 2073 2152 2158 ἐστί,
2199 2072 2306 2138 καὶ
2346 2073 2422 2156 ἢν

400 2180 489 2263 μὴ
538 2178 947 2264 ἐμβιβασθῇ,
994 2178 1229 2263 μέζους
1274 2182 1387 2244 καὶ
1424 2179 1893 2263 ἐπιδηλοτέρας
1937 2181 2053 2255 τὰς
2099 2181 2423 2263 πηρώσιας

322 2313 375 2351 20
404 2286 514 2349 καὶ
560 2286 887 2362 κακώσιας
938 2292 1103 2369 ἴσχει
1149 2287 1230 2350 τὰ
1275 2295 1551 2350 τοιαῦτα
1587 2286 1699 2350 καὶ
1737 2284 1987 2350 ὀστέων
2022 2287 2134 2350 καὶ
2173 2294 2422 2366 σαρκῶν

550 2483 580 2530 2
619 2475 654 2545 ἢ
691 2477 743 2530 V
886 2484 919 2530 4
957 2498 1097 2567 χρεε.
1139 2478 1298 2532 codd.
1449 2484 1479 2530 5
1517 2478 1827 2550 χωλεύμασι
1862 2479 1909 2530 Β
2055 2482 2088 2530 6
2133 2497 2235 2531 τωι
2268 2476 2322 2528 Μ

404 2554 433 2600 7
492 2547 738 2602 ὁκόσοισι
775 2548 821 2600 Β
932 2552 968 2603 δ
1029 2548 1150 2601 MV
1257 2552 1688 2617 καταμεληθῶσι
1725 2549 1844 2602 MV
1989 2553 2022 2600 8
2077 2546 2330 2618 χρέονται
2362 2545 2416 2597 Μ

510 2622 713 2673 σκελεει
740 2618 786 2671 Β
913 2624 944 2671 9
986 2620 1172 2690 ἔχουσι
1209 2619 1332 2672 MV
1460 2625 1525 2672 10
1562 2639 1743 2690 χρεομ.
1775 2619 1895 2673 MV
1994 2619 2296 2688 μινύθουσι
2323 2659 2333 2670 .
2364 2658 2374 2669 .
2402 2658 2413 2668 .

436 2709 595 2759 ρεωμ.
637 2707 743 2744 om.
781 2689 834 2742 V
980 2696 1043 2743 11
1101 2709 1284 2761 χρεομ.
1324 2690 1383 2742 Μ
1540 2696 1603 2743 12
1663 2691 1794 2745 εῠθὺ
1831 2690 1901 2755 Β,
1960 2690 2107 2743 εὐθὺ
2145 2689 2286 2756 MV,
2321 2687 2412 2741 ἰθὺ

399 2713 548 2813 firm.
590 2776 658 2813 ex
694 2760 845 2813 Parr.
886 2759 1010 2813 MN
1089 2762 1237 2814 τούτ.
1275 2761 1341 2815 τὸ
1381 2777 1460 2814 σκ.
1500 2760 1621 2814 MV
1781 2766 1845 2814 13
1885 2757 1997 2815 οἶσι
2034 2760 2178 2827 ΒΜ,
2233 2781 2266 2815 ν
2300 2756 2410 2812 add.

400 2830 487 2883 Μ’
597 2831 936 2885 ἐκπεπτώκει
977 2830 1027 2884 V
1192 2837 1259 2884 14
1306 2830 1460 2899 εἰρέε.
1509 2831 1630 2884 MV
1795 2837 1858 2885 15
1915 2831 1985 2886 τὰ
2033 2833 2167 2885 ante
2214 2826 2409 2886 ἐκπίπτ.

402 2918 507 2955 om.
564 2902 812 2970 BPAp.,
867 2901 996 2955 add.
1053 2901 1128 2955 B’
1182 2902 1217 2954 i.
1265 2921 1338 2955 m.
1489 2900 1889 2957 ὀλισθαίνοντα
1926 2904 2140 2964 -δισσῶς
2186 2903 2236 2954 Α
2277 2944 2286 2953 .

403 2978 486 3024 15.
522 2977 587 3024 16
625 2973 877 3027 ἑωυτοῖσι
915 2972 1057 3040 ΒΜ,
1097 2974 1367 3042 ἐωυτησιν
1405 2976 1478 3039 Γ,
1527 2974 1587 3029 ἐν
1626 2974 1819 3037 αὐτοις
1853 2974 1958 3042 Ap.
2111 2978 2177 3026 16
2255 2976 2297 3026 λ.
2333 2970 2411 3024 καὶ

404 3041 521 3096 ἐκπ.
564 3042 614 3096 V
712 3063 769 3098 τε
807 3043 906 3097 καὶ
941 3044 1044 3112 Ap.
1149 3045 1247 3098 ἀλλ
1306 3042 1395 3098 ὅτε
1431 3042 1532 3112 μὲν
1569 3044 1621 3097 V
1719 3041 1950 3099 πλείονα
1989 3043 2112 3096 MV
2236 3049 2297 3095 17
2333 3041 2407 3095 ἄλ-

402 3115 524 3166 λοτε
562 3114 624 3167 δὲ
656 3157 667 3166 .
701 3157 710 3166 .
746 3157 755 3166 .
788 3114 957 3169 πλέον
995 3132 1101 3168 om.
1142 3114 1193 3167 V
1267 3114 1358 3170 ὁτὲ
1390 3158 1399 3167 .
1434 3157 1444 3168 .
1480 3158 1490 3168 .
1523 3114 1613 3169 ὁτὲ
1651 3115 1754 3184 Ap.
1830 3115 1893 3170 δὲ
1932 3131 2001 3168 se.
2047 3118 2100 3168 Γ
2132 3114 2246 3168 alia
2266 3115 2327 3183 (2)
2350 3129 2407 3164 m.

475 3185 607 3236 ante
645 3185 714 3238 ἐλ.
757 3184 884 3238 add.
923 3187 1065 3239 πολὺ
1093 3185 1266 3254 MAp.
1362 3184 1633 3240 ἐλάσσονα
1670 3185 1729 3238 Μ
1820 3187 1917 3239 καὶ
1952 3182 2064 3239 οἶσι
2096 3228 2106 3238 .
2142 3229 2151 3238 .
2186 3229 2196 3239 .
2225 3182 2406 3239 πέποιμ

402 3255 512 3307 θεν
551 3256 623 3320 (p.
654 3258 886 3323 211,18)
925 3273 1031 3309 om.
1063 3260 1116 3309 Γ
1202 3254 1348 3310 οἶσιν
1386 3257 1431 3308 Β
1524 3254 1596 3310 ἂν
1635 3272 1740 3309 om.
1781 3257 1885 3325 Ap.
1979 3259 2174 3311 πλεῖον
2201 3255 2403 3320 MVAp.

513 3324 643 3374 ante
679 3323 847 3377 πλέον
884 3326 1012 3380 add.
1060 3327 1202 3380 πολὺ
1239 3327 1361 3379 MV
1496 3325 1531 3395 ἢ
1570 3327 1688 3381 ἐκπ.
1729 3324 1763 3395 ἢ
1803 3326 1879 3381 ὀλ.
1919 3327 2023 3396 Ap.
2176 3332 2240 3380 18
2306 3326 2405 3377 αλε-

403 3392 654 3458 πώτερον
699 3393 745 3444 Β
890 3396 1202 3466 ἐνβιβάζειν
1246 3415 1349 3465 pro
1398 3398 1611 3469 ἐμβάλλ.
1660 3399 1765 3467 Ap.
1943 3404 2008 3451 19
2069 3399 2239 3469 ἐκβιβ.

405 3463 626 3528 πειρώσ.
666 3462 751 3529 Μ,
788 3466 1025 3532 πληρωσ.
1065 3466 1168 3535 Ap.
1320 3473 1387 3520 20
1424 3469 1522 3522 καὶ
1559 3470 1691 3522 ante
1727 3489 1851 3523 κακ.
1892 3485 1997 3523 om.
2037 3468 2144 3538 Ap.

2340 3557 2353 3642 ἑ

2301 3655 2353 3839 s
