2588 3876
367 119 457 184 54
1104 120 1279 171 ΠΕΡΙ
1312 118 1568 171 ΑΓΜΩΝ
1607 122 1671 170 11

366 281 664 347 ὀθονίων
707 281 1037 345 πλειόνων
1081 278 1188 345 ἐπὶ
1233 281 1533 345 τούτοισι
1570 281 1673 345 δεῖ
1706 279 1820 346 καὶ
1855 282 2067 358 ἄλλως
2103 282 2196 358 ὡς
2233 283 2380 364 βελ-

258 403 364 453 454
378 390 625 451 τίστων
660 385 769 451 καὶ
805 388 1375 470 προσηνεστάτων.
1437 386 1547 452 καὶ
1593 388 1678 471 ἢν
1713 384 1836 472 μὲν
1871 388 2034 473 τύχῃ
2073 385 2084 475 Ι
2124 388 2382 454 ἁπαλὸν

364 494 438 558 τὸ
478 492 685 577 δέρμα
717 494 920 576 φύσει
954 490 1126 577 ἔχων
1159 495 1234 558 τὸ
1271 493 1440 578 ἀμφὶ
1478 496 1599 578 τὴν
1634 494 1944 580 πτέρνην,
1991 494 2108 560 ἐᾶν
2144 495 2379 572 οὕτως·

322 606 329 609 ’
365 600 450 684 ἢν
496 596 570 664 δὲ
614 602 790 683 παχὺ
835 597 946 664 καὶ
992 603 1303 686 σκληρόν,
1350 592 1458 666 οἷα
1502 599 1903 687 μετεξέτεροι
1943 602 2226 686 ἴσχουσι,
2270 627 2384 667 κα-

313 733 338 773 5
365 708 718 792 τατάμνειν
762 708 885 791 χρὴ
930 705 1189 791 ὁμαλῶς
1233 706 1344 773 καὶ
1390 708 1855 773 διαλεπτύνειν
1907 709 1996 792 μὴ
2042 709 2386 794 διατιτρώ-

368 831 629 878 σκοντα.
702 812 957 878 ἐπιδεῖν
1002 813 1077 878 δὲ
1121 813 1394 897 ἄγαθῶς
1439 814 1521 879 οὐ
1558 815 1803 892 παντὸς
1840 814 2086 899 ἀνδρός
2131 813 2272 880 ἐστι
2306 817 2387 880 τὰ

365 928 662 984 τοιαῦτα·
723 918 810 1003 ἣν
854 921 979 1004 γάρ
1035 943 1136 998 τις
1182 919 1438 1006 ἐπιδέῃ,
1494 922 1714 1007 ὥσπερ
1762 923 1842 986 τὰ
1886 922 2052 986 ἄλλα
2095 923 2177 986 τὰ
2220 923 2386 987 κατὰ

370 1028 452 1091 τὰ
491 1028 718 1111 σφυρὰ
754 1025 1094 1110 ἐπιδεῖται,
1141 1023 1249 1092 ὁτὲ
1285 1028 1409 1110 μὲν
1444 1026 1596 1113 περὶ
1630 1029 1751 1093 τὸν
1785 1030 1959 1093 πόδα
1992 1031 2387 1112 περιβαλλό-

367 1156 585 1218 μενος,
633 1129 740 1198 ὁτὲ
787 1133 861 1197 δὲ
903 1131 1055 1218 περὶ
1100 1134 1219 1197 τὸν
1263 1133 1559 1218 τένοντα,
1607 1135 1675 1199 αἱ
1716 1132 2148 1219 ἄποσφίγξιες
2194 1131 2387 1200 αὗται

289 1268 342 1308 ιο
368 1242 718 1326 χωρίζουσι
781 1240 903 1322 τὴν
963 1239 1274 1324 πτέρνην,
1348 1231 1391 1326 ᾗ
1448 1242 1523 1305 τὸ
1584 1241 1855 1325 φλάσμα
1917 1239 2205 1323 ἐγένετο·
2278 1240 2387 1307 καὶ

372 1347 581 1424 οὕτως
623 1347 941 1423 κίνδυνος
988 1349 1378 1430 σφακελίσαι
1423 1347 1498 1411 τὸ
1547 1346 1780 1412 ὀστέον
1815 1348 1889 1412 τὸ
1930 1356 2045 1430 τῆς
2088 1347 2389 1432 πτέρνης.

368 1456 582 1519 καίτοι
636 1453 721 1537 ἢν
776 1456 1167 1538 σφακελίσῃ,
1221 1454 1343 1518 τὸν
1398 1454 1607 1519 αἰῶνα
1660 1456 1875 1518 πάντα
1931 1454 2164 1519 ἱκανὸν
2211 1454 2391 1520 ἀντί-

371 1578 556 1645 σχειν
600 1560 674 1625 τὸ
719 1562 996 1643 νόσημαὀ
1085 1557 1196 1624 καὶ
1241 1561 1368 1645 γὰρ
1414 1562 1494 1624 τὰ
1538 1562 1703 1625 ἄλλα
1751 1560 1875 1625 ὅσα
1917 1561 2004 1645 μὴ
2051 1559 2124 1629 ἐκ
2170 1563 2394 1627 τοιού-

367 1690 489 1731 του
525 1670 778 1753 τρόπου
817 1669 1212 1751 σφακελίζει,
1249 1664 1390 1731 ἀλλ’
1429 1666 1504 1731 ἐν
1536 1669 1912 1732 κατακλίσει
1948 1670 2408 1751 μελανθείσης

291 1799 342 1841 15
370 1781 485 1857 τῆς
537 1772 823 1859 πτέρνης
875 1773 1008 1838 ὑπὸ
1066 1772 1368 1857 ἀμελείης
1412 1781 1533 1837 τοῦ
1589 1776 1915 1857 σχήματος
1968 1774 2009 1857 ἢ
2056 1772 2130 1839 ἐν
2174 1777 2391 1859 κνήμῃ

368 1881 706 1966 τρώματος
751 1879 1117 1964 γενομένου
1165 1879 1511 1965 ἐπικαίρου
1547 1877 1658 1944 καὶ
1695 1883 1970 1965 χρονίου
2006 1878 2117 1949 καὶ
2153 1890 2392 1946 κοινοῦ

369 1996 449 2072 τῇ
497 1986 741 2072 πτέρνη
778 1986 819 2071 ἢ
859 1985 932 2051 ἐν
968 1994 1175 2074 μηρῷ,
1221 1988 1262 2071 ἢ
1301 1985 1406 2051 έπὶ
1444 1988 1619 2075 ἄλλῳ
1656 1989 1978 2072 νοσήματι
2012 1987 2394 2071 ὑπτιασμοῦ

372 2095 648 2178 χρονίου
694 2091 1080 2178 γενομένου,
1137 2093 1312 2177 ὅμως
1356 2091 1466 2158 καὶ
1511 2104 1686 2158 τοῖσι
1739 2095 2103 2158 τοιούτοισι
2159 2097 2397 2180 χρόνια

370 2196 481 2263 καὶ
527 2198 818 2283 ὀχλώδεα
861 2198 972 2264 καὶ
1008 2200 1325 2277 πολλάκις
1371 2199 1940 2285 ἀναρρηγνύμενοι,
1984 2201 2070 2284 ’ἢν
2105 2202 2194 2285 μὴ
2238 2226 2400 2287 χρη-

293 2333 346 2373 20
373 2314 491 2390 στῇ
536 2301 660 2388 μὲν
702 2305 934 2391 μελέτῃ
980 2312 1396 2391 θεραπευθῇ,
1439 2311 1652 2391 πολλῇ
1700 2304 1760 2370 δ’
1810 2306 2071 2391 ἡσυχίῃ,
2116 2307 2206 2383 ὡς
2252 2308 2333 2371 τά
2384 2305 2393 2394 l

263 2429 368 2479 456
390 2408 449 2495 γ’
506 2410 579 2477 ἐκ
641 2414 949 2477 τοιούτου
1008 2414 1260 2498 τρόπου
1323 2416 1795 2496 σφακελίζοντα
1858 2410 1968 2476 καὶ
2029 2413 2399 2491 κινδύνους

515 2575 542 2622 1
584 2566 866 2624 ὀθονίοισι
901 2566 1149 2624 πλείοσιν
1186 2568 1308 2623 MV
1413 2567 1686 2624 τουτέοισι
1722 2568 1843 2622 MV
1986 2575 2019 2622 3
2056 2553 2198 2640 ἔχὲὂν
2236 2568 2291 2623 V

274 2687 279 2694 .
370 2641 432 2695 τὸ
470 2658 575 2694 om.
607 2639 658 2693 V
727 2648 793 2711 τῇ
829 2638 1036 2711 πτέρνῃ
1075 2639 1136 2692 Μ
1276 2645 1312 2693 4
1349 2639 1713 2710 μετεξετέροις
1747 2640 1811 2707 Β,
1847 2640 2109 2694 ultimam
2139 2640 2252 2694 litt.
2285 2640 2397 2695 del.

370 2712 445 2764 B⁸
518 2710 766 2782 ἴσχουσιν
803 2711 862 2764 Μ
933 2710 1224 2781 κατατέμν.
1254 2711 1301 2763 Β
1429 2716 1461 2764 5
1499 2716 1731 2780 ὃιατιτρ.
1769 2713 1895 2782 (om.
1935 2711 2027 2782 μὴ)
2065 2712 2128 2778 Β,
2165 2714 2305 2766 mut.
2336 2712 2404 2765 in

374 2783 446 2852 μὴ
483 2802 617 2852 τιτρ.
655 2782 730 2835 B³
874 2789 905 2837 6
943 2784 1162 2851 ἀνδρῶς
1196 2782 1257 2835 Μ
1401 2787 1431 2834 7
1468 2785 1599 2852 post
1634 2781 1815 2852 ὥσπερ
1864 2782 1993 2835 add.
2031 2782 2128 2837 καὶ
2166 2782 2291 2836 MV

373 2893 405 2942 8
444 2872 716 2945 ἐπιδεῖτοῗι
751 2889 812 2942 Μ
917 2894 966 2942 8.
989 2896 1020 2943 9
1062 2887 1149 2945 ὅτε
1185 2888 1320 2959 μὲν.
1347 2887 1507 2944 ..ὅτε
1543 2888 1606 2945 δὲ
1642 2889 1762 2943 MV
1879 2894 1943 2942 10
1980 2889 2048 2959 τὴ
2082 2886 2295 2958 πτέρνη
2332 2889 2403 2956 Β,

373 3011 508 3049 corr.
538 2995 613 3048 B³
698 2987 736 3067 ᾗ
769 3012 875 3049 om.
905 2996 969 3064 Β,
1008 2996 1183 3049 adscr.
1212 2996 1288 3049 B8
1433 3002 1498 3049 12
1538 3000 1869 3066 σφακελησει
1905 2996 1952 3049 Β
2042 2981 2305 3067 ἀντισχεῗ
2333 2996 2405 3063 Β,

373 3087 410 3121 ν
446 3083 513 3119 ss.
552 3066 640 3132 13⁸,
689 3068 968 3137 ἀντισχεῖν
1006 3066 1058 3120 V
1201 3073 1266 3120 13
1312 3067 1481 3121 τᾶλλα
1517 3067 1600 3133 Μ,
1642 3065 1695 3122 τ’
1739 3064 1877 3121 ἄλλα
1913 3066 1964 3120 V
2071 3066 2147 3136 μὴ
2184 3084 2294 3120 om.
2334 3067 2406 3134 Β,

374 3155 443 3191 es.
472 3137 547 3189 B⁸
691 3143 757 3191 14
793 3134 1139 3192 κατακλείσει
1175 3137 1294 3191 MV
1458 3144 1524 3192 15
1561 3137 1786 3209 ἀμελίης
1819 3139 1865 3191 Β
1977 3144 2043 3192 16
2081 3158 2189 3207 γιν.
2228 3138 2292 3191 Μ

373 3209 666 3276 ἐπικαιροῦ
703 3209 789 3274 Μ,
835 3210 930 3265 ἐπὶ
964 3218 1164 3277 καιροῦ
1201 3208 1252 3262 V
1360 3211 1458 3264 καὶ
1504 3212 1636 3265 ante
1681 3231 1764 3281 χρ.
1804 3227 1913 3263 om.
1941 3208 1992 3262 V
2136 3214 2205 3261 18
2250 3209 2409 3279 ὁμῶς

371 3280 504 3333 Litt.
631 3281 728 3333 καὶ
765 3289 913 3334 τοῖσι
947 3280 1147 3334 τοιούτ.
1189 3280 1296 3333 del.
1336 3281 1481 3334 Erm.
1647 3287 1712 3335 19
1752 3282 2019 3350 ἀναρηγν.
2058 3280 2131 3347 Β,
2179 3301 2289 3349 ρρη
2341 3282 2408 3334 in

371 3367 478 3408 ras.
514 3350 565 3404 V
727 3357 791 3404 21
846 3353 976 3405 ante
1026 3352 1283 3406 τοιούτου
1336 3352 1463 3406 add.
1501 3361 1600 3407 τοῦ
1638 3353 1698 3405 Μ
1818 3353 1891 3414 ὡς
1925 3350 1995 3406 τά
2031 3371 2093 3421 γε
2130 3350 2406 3419 σφακελί-

372 3427 560 3489 ζοντα·
616 3422 676 3476 ἐκ
719 3431 820 3477 τοῦ
855 3422 1110 3478 τοιούτου
1161 3422 1224 3478 δὲ
1269 3443 1350 3492 τρ.
1392 3422 1802 3497 σφακελίζονταα
1836 3425 1934 3478 καὶ
1969 3426 2113 3478 κινδ.
2154 3423 2292 3477 Litt.
2334 3440 2410 3477 ex

372 3493 708 3549 lectionibus
746 3494 984 3549 Severin.
1025 3494 1106 3565 (L)
