2588 3876
336 119 424 182 40
846 114 1008 170 KAT’
1049 118 1393 169 IHTPEION
1431 118 1512 165 12.
1547 118 1628 166 13.
1660 118 1742 166 14.
1775 117 1840 166 15

232 297 336 346 316
355 281 730 367 βραχύτητι.
804 282 1253 365 παραιρήμασι
1300 273 1373 341 δὲ
1421 274 1738 361 ἕρμάζειν,
1779 273 1789 362 Ι
1828 276 1915 360 μὴ
1961 275 2230 355 πιέζειν·
2287 277 2369 341 τὸ

342 397 612 473 πρῶτον
656 395 915 470 κηρωτῇ
961 390 1269 470 μαλθακῇ
1317 387 1457 468 λείῃ
1505 388 1769 468 καθαρῇ
1817 379 2142 447 ἑλισσέτω.

480 492 578 556 13.
607 489 885 568 Ἵῖὃατος
918 493 1269 578 θερμότης,
1317 496 1600 574 πλῆθος·
1645 490 1976 575 θερμότης
2011 487 2178 573 μέν,“
2200 490 2372 554 κατὰ

341 609 455 683 τῆς
502 596 750 663 ἑωυτοῦ
798 599 1014 684 χειρὸς
1069 608 1401 681 καταχεῖν·
1454 599 1713 680 πλῆθος
1760 594 1862 679 δέ,
1919 595 2197 679 χαλάσαι
2240 592 2370 680 μὲν

235 721 338 771 318
360 704 471 770 καὶ
519 708 821 789 ι’σχνῆναι
868 705 942 770 τὸ
984 704 993 787 Ι
1032 708 1344 769 πλεῖστον
1390 704 1685 788 ἄριστον,
1740 712 2076 786 σαρκῶσαι
2133 698 2208 767 δὲ
2251 700 2364 766 καὶ

290 839 314 877 e
346 811 677 876 ἁπαλῦναι
721 812 795 876 τὸ
841 810 1129 897 μέτριον.
1218 809 1462 896 μέτρον
1508 805 1582 873 δὲ
1626 817 1741 891 τῆς
1785 808 2180 892 καταχύσιος
2268 805 2365 873 ἔτι

343 916 895 1004 μετεωριζομένου
962 919 1094 1000 δεῖ,
1156 914 1319 1003 πρὶν
1374 919 1790 1000 συμπίπτειν,
1844 915 2197 980 παύεσθαι.
2287 915 2368 978 τὸ

342 1021 464 1109 μὲν
509 1025 637 1110 γὰρ
685 1036 949 1111 πρῶτον
995 1024 1268 1110 αἴρεται,
1316 1025 1538 1087 ἔπειτα
1584 1017 1658 1086 δὲ
1707 1023 2127 1106 ῑσχναίνεται.
2201 1020 2208 1021 ’

481 1131 579 1195 14.
642 1130 836 1207 Θέσις
891 1130 1230 1215 μαλθακή,
1286 1128 1526 1213 ὁμαλή,
1584 1128 1959 1214 ἆνάρροπος
2002 1137 2222 1193 τοῖσιν
2266 1125 2367 1204 ἐξ-

263 1265 316 1304 10
344 1238 612 1323 έχουσιν
656 1246 775 1303 τοῦ
825 1239 1143 1322 σώματος,
1191 1227 1339 1301 οἷον
1384 1234 1628 1320 πτέρνῃ
1675 1233 1786 1299 καὶ
1825 1235 2033 1322 ἰσχίῳ,
2082 1235 2171 1310 ὡς
2205 1235 2371 1318 μήτε

345 1343 703 1409 ἀνακλᾶται
758 1343 916 1427 μήτε
973 1341 1335 1407 άποκλᾶται
1393 1343 1552 1425 μήτε
1610 1339 2009 1426 ἐκτρέπηται.
2101 1346 2370 1424 σωλῆνα

257 1476 262 1481 ·
344 1452 583 1515 ἅπαντι
638 1457 729 1536 τῷ
783 1448 997 1514 σκέλει
1044 1448 1084 1532 ἢ
1130 1449 1365 1534 ἡμίσει.
1458 1446 1523 1525 ἐς
1576 1448 1651 1512 τὸ
1705 1448 1925 1524 πάθος
1978 1443 2053 1511 δὲ
2096 1445 2372 1529 βλέπειν

343 1554 452 1621 καὶ
498 1557 701 1621 τᾶλλα
748 1556 951 1621 ὁκόσα
993 1555 1267 1637 βλάπτει
1315 1555 1584 1639 δηλαδή.

480 1662 580 1727 15.
643 1660 930 1747 Πάρεξις
989 1662 1062 1726 δὲ
1120 1660 1230 1726 καὶ
1262 1692 1265 1693 ’
1294 1661 1591 1737 ὃιάτασις
1653 1658 1764 1725 καὶ
1829 1660 2193 1737 ἄνάπλασις
2256 1657 2371 1724 καὶ

266 1795 316 1835 15
344 1771 547 1834 τᾶλλα
582 1770 747 1834 κατὰ
781 1769 1009 1853 φύσιν.
1092 1768 1296 1852 φύσις
1331 1768 1406 1832 δὲ
1443 1766 1518 1832 ἐν
1564 1767 1686 1848 μὲν
1728 1765 1951 1852 ἔργοις
1996 1775 2116 1833 τοῦ
2163 1769 2370 1851 ἔργου

344 1886 422 1963 τῇ
467 1874 693 1962 πρήξει
740 1874 775 1940 ὃ
821 1876 1131 1958 βούλεται
1176 1873 1598 1961 τεκμαρτέον’
1644 1872 1712 1952 ἐς
1758 1874 1833 1938 δὲ
1877 1882 2082 1938 ταῦτα
2127 1871 2199 1938 ἐκ
2243 1880 2368 1937 τοῦ

239 2001 345 2048 320
365 1981 768 2065 ἐλινύοντος,
814 1979 886 2046 ἐκ
930 1990 1050 2046 τοῦ
1088 1990 1341 2065 κοινοῦ,
1383 1979 1392 2067 Ι
1433 1979 1504 2046 ἐκ
1540 1988 1661 2044 τοῦ
1700 1978 1920 2057 ἔθεος·
1967 1978 2040 2045 ἐκ
2077 1980 2199 2063 μὲν
2244 1988 2369 2044 τοῦ

346 2087 729 2163 ἐλινύοντος
791 2085 901 2151 καὶ
962 2086 1324 2172 ἀφειμένον
1378 2089 1493 2164 τὰς
1558 2087 1885 2172 ῑθυωρίας
1949 2086 2373 2169 σκέπτεσθαι,

491 2372 518 2419 1
558 2366 935 2437 παραιρέμασι
969 2366 1095 2434 BV,
1130 2332 1444 2493 παὲαῗρῗξισι
1481 2368 1540 2420 Μ
1648 2366 1905 2437 ἁρμόζειν
1943 2366 2138 2434 MPq.,
2183 2365 2372 2435 ἑρμάζ.

346 2438 454 2493 BV
492 2437 612 2492 Gal.
644 2443 746 2491 835
885 2444 930 2491 1.
964 2445 993 2491 2
1033 2439 1106 2508 μὴ
1141 2457 1209 2493 πι
1237 2442 1350 2503 ζειν
1386 2440 1449 2493 τὸ
1485 2448 1722 2508 πρῶτον.
1762 2438 1894 2491 Litt.
1933 2438 2099 2505 Erm.‚
2135 2436 2211 2507 μὴ
2246 2436 2373 2491 πιέ-

346 2515 482 2575 ζειν*
529 2510 594 2564 τὸ
629 2518 851 2577 πρῶτον
883 2553 892 2562 .
928 2553 938 2563 .
973 2554 982 2563 .
1021 2509 1148 2578 Pq.,
1193 2512 1492 2578 utrumque
1539 2510 1932 2564 commemorat
1969 2507 2090 2562 Gal.
2121 2512 2224 2561 835

349 2588 383 2635 2·
418 2585 659 2652 μαλακηι
695 2581 741 2633 Β
814 2583 981 2650 μαλθ.
1019 2579 1194 2650 ὁμαλὴ
1233 2577 1292 2636 δ’
1324 2580 1409 2650 εἴη
1445 2583 1544 2635 καὶ
1579 2584 1809 2648 καθαρὴ
1848 2579 1908 2632 M
1979 2580 2198 2648 κηρωτὴ
2235 2582 2377 2648 μαλ-

346 2654 502 2722 θακὴ
538 2650 656 2722 λείη
692 2652 922 2722 καθαρὴ
958 2651 1010 2705 V
1118 2649 1368 2707 ἐλισσέτω
1404 2652 1529 2720 BV,
1567 2668 1671 2705 om.
1702 2652 1787 2720 M,
1826 2650 2123 2705 ἑλισσέσθω
2162 2650 2296 2704 Litt.

347 2731 567 2793 κηρωτῇ
599 2767 608 2776 .
643 2767 652 2776 .
687 2766 696 2776 .
728 2723 890 2777 ἐλισσ.
931 2739 1035 2776 om.
1069 2721 1214 2777 th.
1361 2730 1393 2775 4
1441 2726 1680 2795 χαλᾶσαι
1715 2722 1766 2776 V
1910 2727 1941 2775 6
1990 2737 2154 2790 super
2200 2720 2373 2775 ἀπαλ.

350 2812 420 2848 ss.
458 2803 707 2866 παχῦναι
743 2793 818 2847 B³
889 2792 1111 2864 μέτριον
1148 2792 1256 2847 BV
1328 2794 1705 2865 καταχύσειως
1731 2793 1795 2860 Β,
1834 2812 1963 2856 -εως
1990 2793 2065 2859 M,
2103 2813 2207 2855 -ως
2244 2794 2375 2858 oet„

347 2872 415 2933 τῆ
455 2864 756 2935 καταχύσει
792 2863 844 2917 V
963 2871 991 2918 7
1030 2866 1194 2935 ξυμπ.
1233 2865 1293 2917 Μ
1362 2866 1454 2920 τὸ.
1481 2908 1491 2918 .
1517 2909 1526 2919 .
1550 2866 1687 2936 ἰσχν.
1725 2864 1832 2917 del.
1863 2864 2009 2916 Erm.
2156 2867 2188 2915 8
2227 2859 2374 2931 ἄείρ.

349 2936 447 3004 Pq.
542 2941 546 2945 *
576 2941 606 2988 9
643 2937 772 3004 post
813 2934 977 3000 Θέσις
1014 2936 1140 2989 add.
1172 2936 1234 2991 δὲ
1271 2936 1332 2988 M
1449 2943 1497 2990 9.
1531 2941 1596 2989 10
1634 2934 1880 3007 ἐξέχονσι
1908 2934 2027 2987 MV
2137 2939 2204 2987 10
2241 2936 2380 3003 post.

351 3004 475 3061 οἷον
515 3005 686 3059 iterat
725 3006 1048 3075 ἀναρροπος
1087 3008 1133 3060 Β
1249 3008 1347 3061 καὶ
1398 3023 1502 3060 om.
1542 3006 1691 3072 B1V‚
1745 3023 1815 3059 ss,
1853 3006 1958 3058 Β3’
2073 3010 2136 3058 11
2192 3002 2376 3074 ἐκτρί-

352 3079 516 3149 βηται
566 3076 626 3129 M
669 3088 674 3102 ²
707 3081 949 3145 σωλῆνες
996 3078 1042 3130 Β
1190 3083 1254 3131 12
1290 3080 1463 3133 παντὶ
1499 3077 1619 3131 MV
1689 3079 1818 3146 post
1854 3076 1911 3139 ἐς
1947 3094 2015 3130 se.
2057 3075 2119 3131 δὲ
2154 3075 2229 3128 B2

355 3147 526 3201 13⁴⁶&
561 3147 698 3201 ἄλλα
735 3147 854 3202 MV
927 3147 1030 3202 ὅσα
1066 3147 1117 3202 V
1190 3151 1402 3218 δηλαὸη
1438 3149 1500 3214 Β,
1541 3151 1681 3218 δῆλα
1718 3147 1865 3218 vulg.
1895 3148 2047 3213 Litt„
2085 3163 2190 3200 om.
2220 3146 2377 3199 Erm.

461 3277 527 3324 14
563 3239 795 3341 παρεξῆς
820 3272 881 3337 Β,
922 3289 991 3325 ss.
1021 3272 1097 3324 13³
1166 3271 1272 3342 γὰρ
1310 3289 1411 3341 pro
1451 3271 1512 3327 δὲ
1548 3272 1608 3323 Μ
1680 3248 1879 3327 ἆνάπλ.
1917 3270 1986 3339 Κ,
2024 3269 2210 3326 διάπλ.
2248 3244 2378 3323 Gal}

353 3348 475 3410 851,
503 3341 804 3405 κατάτασις
828 3359 929 3412 pro
953 3341 1152 3398 ἀνάπλ.
1174 3342 1352 3396 BMV
1453 3348 1518 3396 15
1563 3340 1614 3396 τ’
1639 3341 1776 3397 ἄλλα
1806 3340 1925 3395 MV
2024 3341 2080 3405 ἐς
2106 3357 2206 3411 pro
2236 3341 2298 3396 ἐν
2325 3341 2378 3394 Β

373 3422 377 3425 ’
498 3420 563 3467 16
611 3415 668 3477 ἐς
704 3416 836 3467 ante
875 3412 903 3469 ὃ
951 3431 1020 3467 ss,
1058 3414 1134 3467 B³
1277 3419 1342 3467 17
1383 3415 1485 3469 ἐλλ.
1524 3413 1575 3466 V
1720 3419 1802 3467 1-7.
1837 3419 1902 3467 18
1942 3414 2002 3467 ἐκ
2037 3420 2137 3467 τοῦ
2174 3420 2378 3467 κοινοῦ

357 3529 368 3539 .
403 3530 413 3540 .
447 3528 457 3538 .
490 3486 618 3540 em.
649 3485 685 3538 i.
714 3503 786 3539 m.
825 3484 870 3536 Β
963 3485 1023 3539 ἐκ
1061 3484 1161 3555 μὲν
1199 3484 1269 3538 ἐλ.
1300 3485 1363 3552 Β,
1400 3494 1500 3539 τοῦ
1538 3503 1606 3539 ss.
1636 3484 1711 3538 Β8
1856 3488 1921 3537 18
1961 3482 2143 3540 σκέπτ.
2183 3500 2291 3537 om.
2321 3482 2379 3537 V
