2588 3876
21 0 736 243 s
1000 163 1162 218 KAT’
1203 167 1548 218 IHTPEION
1585 170 1634 217 9.
1668 168 1734 217 10

351 328 473 415 μὲν
520 330 1034 413 συγκάμπτεται,
1091 328 1180 404 ὡς
1224 328 1458 410 ἥκιστα
1501 324 1612 391 καὶ
1669 324 2144 391 εὐσταλέστατα
2188 346 2377 413 περι-

351 437 644 520 βάλλειν,
703 426 853 500 οἷον
913 435 1176 518 ἰγνύην·
1242 434 1360 519 ὅκῃ
1423 430 1497 498 δὲ
1555 436 2008 519 περιτείνεται,
2068 432 2246 497 ἁπλᾶ
2305 455 2379 498 τε

352 541 462 607 καὶ
499 540 764 625 πλατέα,
794 532 943 606 οἷον
969 542 1161 624 μύλη.
1235 541 1833 627 προσπεριβάλλειν
1862 537 1937 604 δὲ
1972 541 2381 623 καταλήψιος

354 646 474 731 μὲν
528 659 660 714 τῶν
712 645 865 732 περὶ
919 655 1125 711 ταῦτα
1181 645 1429 730 εἵνεκα,
1486 645 1851 730 άναλήψιος
1907 642 1981 710 δὲ
2035 654 2154 711 τοῦ
2214 647 2380 730 σύμ-

250 773 349 821 302
372 776 629 839 παντος
666 752 1043 837 ἐπιδέσμου,
1093 752 1165 817 ἐν
1201 762 1420 818 τοῖσιν
1466 750 1873 839 ἀτρεζμέουσι
1918 750 2028 816 καὶ
2074 757 2383 836 λαπαρω-

302 889 326 927 ε
355 859 603 948 τέροισι
657 869 777 925 τοῦ
834 861 1158 946 σώματος,
1215 851 1363 924 οἷον
1416 860 1490 923 τὸ
1546 860 1682 924 ἅνω
1739 857 1862 940 καὶν
1901 860 1977 923 τὸ
2034 859 2209 924 κάτω
2254 868 2380 924 τοῦ

356 969 698 1051 γούνατος.
791 966 1099 1050 ὁμολογεῖ
1154 962 1227 1030 δὲ
1283 967 1468 1049 ὤμου
1522 962 1644 1050 μὲν
1686 966 1727 1049 ἡ
1782 964 1934 1051 περὶ
1978 967 2102 1050 τὴν
2148 963 2381 1052 ἑτέρην

356 1058 695 1158 μασχάλην
748 1074 1097 1158 περιβολή,
1153 1074 1501 1155 βουβῶνος
1555 1068 1629 1136 δὲ
1674 1072 1715 1156 ἡ
1771 1069 1924 1158 περὶ
1975 1072 2096 1136 τὸν
2151 1070 2386 1158 ἕτερον

358 1191 668 1265 κενεῶνα,
714 1178 824 1244 καὶ
869 1182 1118 1262 κνήμης
1163 1178 1204 1262 ἡ
1248 1174 1416 1262 ὑπὲρ
1463 1182 2008 1265 γαστροκνημίης.
2082 1177 2385 1244 ὁκόσοισι

257 1316 330 1353 -10
357 1284 478 1371 μὲν
524 1288 659 1351 ἅνω
707 1285 749 1369 ἡ
796 1289 1008 1371 φυγή,
1055 1284 1360 1349 κάτωθεν
1394 1283 1436 1367 ἡ
1474 1284 1845 1368 ἀντίληψις·
1892 1276 2028 1350 οἶσι
2066 1281 2138 1349 δὲ
2185 1285 2385 1369 κάτω,

358 1392 783 1458 τούναντίον·
830 1382 964 1456 οἷσι
1013 1388 1086 1456 δὲ
1129 1393 1218 1475 μὴ
1262 1393 1464 1474 ἔστιν,
1513 1383 1659 1456 οἷον
1694 1395 1969 1476 κεφαλή,
2013 1390 2386 1457 τούτωνέν

357 1507 449 1587 τῷ
506 1498 900 1587 ὁμαλωτάτῳ
956 1499 1073 1580 τὰς
1126 1500 1534 1581 καταλήψιας
1586 1505 1931 1564 ποιεῖσθαι
1985 1496 2096 1562 καὶ
2148 1499 2386 1580 ἥκιστα

360 1602 531 1693 λοξῷ
578 1614 670 1693 τῷ
719 1604 1059 1694 ἐπιδέσμῳ
1093 1612 1404 1691 χρῆσθαι,
1451 1605 1540 1681 ὡς
1576 1606 1649 1670 τὸ
1687 1606 2149 1689 μονιμώτατον
2185 1605 2388 1670 ὕστα-

359 1736 480 1777 τον
525 1708 931 1799 περιβληθὲν
977 1712 1057 1775 τὰ
1092 1709 1603 1776 πλανωδέστατα
1647 1711 1899 1801 κατέχῃ.
1972 1711 2290 1777 ὁκόσοισι
2310 1708 2389 1775 δὲ

281 1846 330 1886 15
361 1829 532 1896 τοῖς·
569 1817 908 1884 ὀθονίοισι
970 1819 1057 1902 μὴ
1088 1877 1091 1879 ,
1123 1817 1626 1902 εὐκαταλήπτως
1687 1815 1857 1902 μηδὲ
1920 1817 2391 1904 εὐαναλήπτως

358 1923 522 2011 ἔχει,
577 1924 869 2011 ράμμασι
913 1923 1029 2000 τὰς
1082 1922 1448 2008 ἆναλήψιας
1501 1930 1842 1991 ποιεῖσθαι
1896 1922 1967 1989 ἐκ
2011 1927 2388 2008 καταβολῆς

361 2031 413 2128 ἢ·
450 2041 814 2117 συρραφῆε·
1012 2043 1015 2046 ’

500 2137 598 2200 10.
653 2134 1092 2221 Ἐπιὸέσματα
1137 2139 1433 2225 καθαρά,
1481 2139 1732 2224 κοῦφα,
1778 2139 2117 2224 μαλθακά,
2165 2139 2388 2203 λεπτά.

365 2237 652 2308 ἕλίσσειν
708 2241 1159 2330 ἀμφοτέρῃσιν
1215 2245 1347 2328 ἅμα
1402 2243 1513 2309 καὶ
1569 2243 1841 2338 ἑκατέρῃ
1896 2244 2096 2332 χωρὶς
2141 2245 2392 2312 ἀσκεῖν.

284 2378 336 2417 20
362 2359 440 2436 τῇ
484 2351 823 2436 πρεπούσῃ
882 2347 942 2413 δ’
996 2349 1062 2427 ἐς
1105 2350 1186 2414 τὰ
1239 2351 1411 2435 πάχη
1458 2349 1568 2415 καὶ
1618 2353 1699 2416 τὰ
1755 2352 1964 2434 πλάτη
2014 2352 2179 2437 [τῶν
2225 2352 2391 2417 ὀθο-

508 2548 536 2596 1
584 2543 667 2612 σ(ξ
694 2542 900 2613 Μ)υγ(ν
925 2541 1158 2611 Β)κάπτ.
1195 2542 1371 2597 BMV
1479 2544 1553 2596 ad
1599 2545 1739 2598 εὐστ.
1778 2544 1813 2597 i.
1851 2562 1924 2598 m.
1971 2543 2388 2616 περιεστα<λ>-

363 2634 528 2684 μενος
562 2612 636 2665 B²
777 2619 810 2666 2
849 2613 1011 2683 ἰγνύη
1048 2613 1185 2679 BV„
1210 2614 1306 2668 -w
1383 2613 1514 2668 Litt.
1626 2613 1760 2684 ὁπηι
1795 2615 1868 2683 Β,
1916 2612 2026 2684 ὅπη
2063 2614 2130 2680 V,
2186 2615 2390 2684 scripsi

365 2683 493 2757 ὅκῃ,
531 2685 582 2738 εἰ
616 2701 717 2754 pro
755 2681 858 2753 ὅκῃ
895 2683 955 2737 Μ
1071 2690 1102 2737 3
1138 2687 1283 2738 πλατ
1314 2706 1351 2737 α
1388 2684 1539 2738 deul&
1574 2685 1626 2739 V
1698 2687 1829 2740 ante·
1864 2686 2005 2756 μκύλη
2045 2685 2173 2739 add.
2212 2685 2248 2754 ἡ
2276 2685 2391 2740 BV

469 2756 611 2827 μκύλῃ
650 2755 782 2809 Litt.
821 2771 890 2808 ex
924 2772 1100 2826 marg.
1130 2755 1179 2807 D
1289 2755 1673 2826 καταλήμψιος
1706 2757 1752 2809 Β
1896 2762 1931 2809 4
1976 2755 2189 2812 εἵνεκεν
2227 2756 2279 2810 V

365 2825 648 2894 ἀναλήμκψ.
676 2827 722 2878 Β
786 2826 948 2896 ξυμκπ.
978 2826 1086 2881 BV
1168 2831 1200 2880 ὅ
1227 2834 1372 2881 τοῖσι
1399 2827 1515 2880 ΒΜ
1600 2833 1629 2879 7
1659 2824 1774 2897 γόν.
1804 2827 1856 2881 V
1893 2826 2195 2897 ’ὁμολογέει
2223 2826 2389 2881 codd.

437 2896 576 2965 ὁμοῦ
614 2896 673 2949 Μ
815 2901 848 2949 8
885 2898 983 2951 καὶ
1017 2899 1173 2969 βουβ.
1211 2914 1312 2966 pro
1351 2899 1455 2968 βου
1496 2942 1506 2952 .
1546 2898 1608 2953 δὲ
1645 2898 1752 2952 BV
1895 2903 1926 2951 9
1965 2897 2395 2969 γαστροκνήμης

365 2967 430 3032 Β,
467 2988 603 3037 -μην
639 2967 692 3021 V
772 2963 882 3022 οἷσι
918 2968 970 3022 V
1115 2974 1176 3021 11
1216 2967 1278 3023 τὸ
1319 2968 1395 3024 ἐν.
1575 2971 1789 3038 κεφαλῇ
1825 2968 1949 3023 Par.
1979 2967 2158 3023 FMN
2257 2989 2393 3024 του-

366 3036 507 3093 τέων
544 3037 701 3092 codd.
850 3044 914 3091 12
951 3036 1124 3093 ποιέει
1164 3039 1342 3107 codd„
1382 3056 1486 3093 om.
1517 3039 1576 3092 M
1722 3046 1787 3094 13
1826 3038 1969 3105 δόξω
2009 3039 2059 3093 V
2157 3037 2299 3112 χρέε.
2341 3040 2395 3092 V

367 3109 534 3178 vulg,
570 3107 867 3164 ποιέεσθαι
902 3109 1022 3161 ΒΜ
1127 3109 1358 3178 ὕστερον
1393 3111 1502 3165 BV
1646 3117 1713 3163 14
1748 3109 2161 3183 περιβληθέντα
2196 3110 2250 3165 V

370 3178 588 3252 κατέχει
624 3180 669 3232 Β
815 3186 898 3234 14.
931 3185 996 3234 15
1044 3178 1126 3234 ὁκ.
1167 3180 1228 3236 δὲ
1274 3181 1347 3251 μὴ
1393 3182 1849 3251 εὖκαταλημκπτου
1898 3184 2093 3252 (-πτως
2128 3198 2265 3236 oorr.
2296 3182 2346 3235 B

368 3271 414 3306 τ.
456 3249 500 3305 ὀ.
539 3252 611 3318 Β,
659 3246 769 3305 οἶσι
807 3250 870 3307 δὲ
899 3260 1047 3305 ’τοῖσι
1086 3252 1132 3306 ὁ.
1171 3251 1243 3321 μὴ
1291 3253 1404 3307 sim.
1443 3252 1528 3320 Μ,
1576 3251 1751 3307 ὁκόσα
1796 3249 1907 3308 οἶσι
1952 3252 2015 3309 δὲ
2049 3272 2096 3307 τ.
2128 3252 2176 3308 ὀ.
2254 3253 2288 3322 ὴ
2330 3257 2368 3308 δ

372 3320 765 3389 εὐαναλήπτως
801 3322 912 3394 ἔχει
948 3322 1000 3376 V
1145 3329 1209 3377 16
1250 3323 1345 3395 ἔχη
1383 3323 1443 3376 Μ
1543 3320 1822 3394 ῤ’άμμασιν
1857 3324 1918 3377 Μ
2014 3274 2291 3393 καταλτξζρ.
2335 3324 2396 3377 Μ

441 3391 710 3448 ποιέσθαι
745 3393 809 3461 Β,
844 3392 1028 3448 ποιέε-
1061 3396 1164 3448 cet.
1280 3399 1345 3446 17
1382 3395 1532 3464 ξυρρ.
1563 3395 1721 3449 codd.
1836 3401 1901 3449 18
1940 3394 2161 3465 μαλακὰ
2197 3394 2324 3449 MV

374 3470 439 3518 19
479 3465 550 3519 ἐλ.
579 3464 631 3518 V
703 3462 967 3534 ἑκατέρησ
1000 3465 1046 3517 Β
1120 3462 1361 3534 ἀσκαίην
1388 3465 1451 3532 Β,
1489 3464 1628 3521 -έειν
1658 3468 1761 3520 eet.
1873 3471 1941 3519 20
1977 3465 2393 3536 προτρεπούσηι

371 3535 432 3588 Μ
503 3534 566 3591 δὲ
602 3534 662 3587 Μ
745 3532 954 3604 μορίων
990 3551 1089 3604 pro
1129 3536 1220 3589 ὅθ’.
1259 3536 1422 3604 Bosq.
1462 3536 1593 3591 Litt.
1633 3537 1732 3605 Pq.
1772 3554 1840 3591 ex
1877 3536 1999 3599 Gal.
2030 3554 2226 3591 comm.
2260 3543 2392 3593 772:
