2588 3876
940 196 1337 249 ΜοΧΛΠζοΝ
1372 202 1421 249 4.
1452 200 1505 248 5*
2088 195 2229 259 2491

203 359 474 440 μᾶλλον,
520 355 1018 440 συμβάλλουσιν
1057 352 1303 441 ἧσσον,
1350 356 1728 443 ἀστραβέες·
1791 358 1985 442 δηλοῖ
2029 353 2103 422 δὲ
2139 359 2220 422 τὰ

204 462 352 548 ὅρια
396 473 532 529 τῶν
586 462 882 529 ὀδόντων
933 466 1012 528 τὰ
1067 466 1204 530 ἄνω
1261 475 1435 530 τοῖσι
1488 465 1662 529 κάτω
1709 463 1846 530 κατ’
1893 454 2045 542 ἴξιν,
2134 463 2221 546 ἣν

204 564 327 637 οὖν
372 569 734 653 ἀμφότεραι
781 568 1174 636 ἐκπεσοῦσαι
1218 573 1307 655 μὴ
1363 572 1597 637 αὐτίκα
1641 570 2000 654 ἐμπέσωσι,
2052 575 2222 655 θνή-

203 692 436 742 σκουσι
483 677 816 741 δεκαταῖοι
862 671 1049 744 οὗτοι
1087 678 1368 759 μάλιστα
1403 686 1664 766 πυρετῷ
1696 688 1960 762 συνεχεῖ
1986 685 2221 764 νωθρῇ

201 806 269 853 τε
314 784 624 868 καρώσει·
683 784 747 847 οἱ
803 785 929 869 γὰρ
976 784 1137 868 μύες
1182 779 1369 850 οὗτοι
1415 793 1734 850 τοιοῦτοι·
1787 786 2036 871 γαστὴρ
2083 783 2220 849 ἐπι-
2277 810 2302 853 5

200 890 628 976 ταράσσεται,
684 889 877 973 ὀλίγα
932 891 1207 978 ἄκρητα,
1266 891 1377 955 καὶ
1432 891 1516 975 ἢν
1571 888 1882 975 ἐμέωσιν,
1945 900 2223 957 τοιαῦτα

201 994 527 1077 ἐμέουσιν.
618 997 658 1080 ἡ
706 994 765 1060 δ’
821 995 1004 1082 ἑτέρη
1063 996 1465 1083 ἄσινεστέρη.
1556 995 1799 1082 ἐμβολὴ
1846 994 1921 1062 δὲ
1965 998 2011 1085 ἡ
2055 998 2219 1082 αὐτὴ

201 1102 625 1188 ἀμφοτέρων·
685 1102 1155 1185 κατακειμένου
1220 1104 1262 1189 ἢ
1317 1103 1700 1188 καθημένου
1764 1114 1879 1188 τῆς
1932 1109 2221 1188 κεφαλῆς

201 1207 519 1294 ἐχόμενον
571 1213 1011 1295 περιλαβόντα
1064 1213 1179 1288 τὰς
1233 1212 1536 1295 γνάθους
1589 1210 1965 1296 ἀμφοτέρας
2010 1210 2222 1295 ἄμφο-

200 1315 425 1401 τέρῃσι
471 1317 701 1402 χερσὶν
744 1313 1006 1383 ἔσωθεν
1049 1316 1160 1383 καὶ
1207 1316 1489 1401 ἔξωθεν,
1543 1320 1694 1403 τρία
1749 1318 1880 1402 ἄμα
1924 1326 2218 1400 ποιῆσαι·
2251 1346 2311 1385 ιο

201 1417 366 1487 ὦσαι
415 1420 482 1499 ἐς
526 1422 740 1508 ὀρθὸν
786 1422 895 1488 καὶ
942 1423 1010 1501 ἐς
1064 1425 1357 1490 τούπίσω
1404 1423 1513 1489 καὶ
1559 1435 1834 1509 συσχεῑν
1877 1425 1952 1489 τὸ
2000 1426 2221 1504 στόμα.

203 1530 399 1612 ἴησις·
468 1529 844 1615 μαλάγμασι
900 1529 1010 1596 καὶ
1067 1532 1350 1615 σχήμασι
1402 1529 1513 1596 καὶ
1568 1531 1889 1616 ἀναλήψει
1934 1534 2220 1614 γενείου·

203 1645 474 1708 ποιοῦσι
519 1636 723 1701 ταύτὰ
768 1646 847 1723 τῇ
893 1635 1157 1723 ἐμβολῇ.
1307 1722 1311 1727 ⁴

333 1740 394 1806 5.
447 1734 648 1826 Ὦμος
692 1740 766 1808 δὲ
812 1742 1105 1809 ἐκπίπτει
1142 1744 1343 1809 κάτω·
1391 1744 1552 1829 ἄλλῃ
1601 1745 1676 1810 δὲ
1721 1745 1904 1809 οὔπω
1941 1745 2222 1827 ἤκουσα·
2335 1774 2339 1805 :

201 1849 386 1914 δοκεῖ
429 1846 552 1931 μὲν
597 1851 723 1934 γὰρ
770 1848 837 1926 ἐς
880 1852 1353 1937 τοῦμπροσθεν
1397 1849 1765 1933 ἐκπίπτειν,
1811 1844 1908 1914 ὧν
1953 1851 2021 1915 αἱ,
2067 1851 2222 1935 σάρ-
2253 1877 2304 1918 15

199 1980 308 2034 κες
355 1957 424 2021 αἱ
469 1957 620 2039 περὶ
664 1958 739 2022 τὸ
785 1959 1048 2043 ἄρθρον
1092 1960 1585 2043 μεμινυθήκασι
1632 1959 1745 2022 διὰ
1789 1958 1913 2040 τὴν
1957 1959 2222 2041 φθίσιν,

202 2054 351 2130 οἷον
413 2061 525 2127 καὶ
588 2065 787 2145 βουσὶ
849 2076 1168 2149 χειμῶνος
1232 2067 1539 2149 φαίνεται
1604 2064 1715 2129 διὰ
1764 2062 1774 2151 Ι
1831 2066 2202 2148 λεπτότητα.
2225 2082 2330 2131 350

200 2171 310 2235 καὶ
359 2168 651 2235 ἐκπίπτει
704 2174 962 2254 μᾶλλον
1022 2182 1196 2238 τοῖσι
1243 2168 1375 2255 [δὲ]
1422 2175 1761 2237 λεπτοῖσιν
1805 2170 1845 2253 ἢ
1895 2172 2224 2255 ἰσχνοῖσιν

199 2277 241 2361 ἢ
289 2275 545 2361 ξηροῖσι
591 2277 699 2341 καὶ
744 2287 884 2354 τοῖς
927 2278 1314 2362 ὑγράσματα
1367 2276 1518 2363 περὶ
1563 2278 1643 2342 τὰ
1688 2279 1909 2364 ἄρθρα
1953 2274 2225 2361 ἔχουσιν

200 2384 368 2448 ἄνευ
412 2386 812 2466 φλεγμονῆς·
873 2384 1037 2467 αὕτη
1084 2385 1210 2468 γὰρ
1258 2385 1507 2449 συνδεῖ.
1591 2386 1653 2449 οἱ
1710 2380 1785 2448 δὲ
1829 2382 1940 2449 καὶ
1985 2384 2225 2466 βουσὶν
2252 2386 2308 2451 9ο

201 2488 640 2573 ἐμβάλλοντες
684 2489 793 2554 καὶ
840 2489 1380 2576 ἀποπερονῶντες
1425 2489 1943 2576 ἐξαμαρτάνουσι
1978 2491 2089 2555 καὶ
2125 2490 2224 2555 ὅτι

204 2597 317 2666 διὰ
363 2597 485 2680 τὴν
530 2605 769 2682 χρῆσιν
814 2597 903 2673 ὡς
947 2606 1180 2682 χρῆται
1225 2600 1391 2681 βοῦς
1437 2596 1653 2663 σκέλει
1700 2600 1914 2681 λήθει,
1967 2595 2078 2661 καὶ
2125 2597 2224 2661 ὅτι

201 2702 435 2768 κοινὸν
491 2700 603 2768 καὶ
663 2702 998 2791 ἀνθρώπῳ
1054 2702 1265 2780 οὕτως
1314 2706 1546 2788 ,ἔχοντι
1603 2704 1678 2768 τὸ
1736 2712 1948 2788 σχῆμα
2001 2712 2222 2768 τοῦτο·

203 2810 279 2873 τό
324 2831 396 2872 τε
433 2806 776 2894 Ὁμήρειον
832 2807 942 2874 καὶ
999 2811 1173 2874 διότι
1227 2812 1611 2876 λεπτότατοι
1655 2812 1806 2893 βόες
1849 2818 2223 2894 τηνικαῦτα.

348 3006 380 3052 2
418 2999 649 3069 κάτηξιν
677 3000 737 3054 Μ
846 3006 877 3053 3
908 3000 1211 3056 ἐκπέσωσιν
1239 3001 1300 3055 Μ
1406 3008 1439 3054 4
1468 3001 1614 3072 ξεχεῖ
1635 3002 1695 3055 Μ
1805 3009 1835 3056 5
1871 3021 1931 3057 τε
1960 3018 2066 3056 om.
2094 3002 2155 3055 M

205 3075 237 3123 6
276 3069 473 3140 ἐμέωσι
508 3071 676 3141 vulg„
715 3090 772 3125 -ν
806 3071 866 3124 Μ
971 3072 1041 3126 τὰ
1077 3091 1121 3126 τ.
1161 3072 1329 3142 vulg.,
1365 3072 1436 3127 τὰ
1474 3089 1579 3126 om.
1609 3073 1669 3126 M
1777 3078 1809 3126 8
1846 3076 1978 3141 post
2010 3078 2222 3143 καθημ.

204 3142 333 3198 add.
361 3150 462 3196 τοῦ
491 3143 805 3211 ἀνθρώπου
832 3142 1007 3212 vulg„
1046 3160 1152 3197 om.
1191 3144 1252 3196 M
1362 3149 1428 3197 10
1463 3145 1616 3214 χερσὶ
1640 3145 1701 3197 Μ
1770 3144 2015 3215 τρίαμμα
2045 3145 2223 3211 codd„

202 3209 333 3280 τρία
370 3212 486 3281 ἅμα
522 3214 661 3268 Foes
699 3214 759 3267 in
794 3214 943 3267 notis
1055 3220 1118 3268 11
1160 3213 1334 3283 στόμα
1360 3214 1444 3282 Μ,
1484 3224 1637 3285 σῶμα
1673 3214 1821 3285 vulg.
1947 3222 2012 3268 13
2048 3224 2237 3270 ταῦτα

203 3283 374 3353 vulg„
400 3283 472 3337 τὰ
500 3284 643 3339 αὐτὰ
661 3284 795 3339 Litt.
900 3290 965 3339 15
996 3283 1181 3339 δοκέει
1201 3286 1362 3341 codd.
1466 3291 1531 3339 16
1561 3286 1734 3355 φύσιν
1754 3287 1932 3352 codd„
1962 3290 2068 3355 φθ.
2089 3286 2222 3341 Litt.

209 3354 502 3415 conferens
538 3374 596 3410 π.
636 3356 769 3423 ἄρθ.
812 3356 926 3427 ἑμβ.
968 3373 1013 3410 c.
1047 3362 1075 3409 1
1224 3362 1289 3410 17
1339 3358 1470 3411 ante
1506 3358 1668 3428 βουσὶ
1705 3357 1831 3413 add.
1868 3367 2013 3412 τοῖσι
2056 3357 2233 3426 vulg,

205 3443 313 3480 om.
352 3425 413 3479 M
450 3467 454 3474 .
523 3431 588 3479 18
626 3428 688 3481 δὲ
725 3427 848 3495 ipse
874 3428 1034 3482 uncis
1061 3426 1265 3482 inclusi
1373 3431 1619 3482 λεπτοῖσι
1643 3428 1703 3481 Μ
1813 3434 1878 3482 19
1915 3438 2034 3492 τοῖς
2068 3429 2119 3482 ὑ.
2147 3428 2225 3494 Μ,

200 3506 382 3554 τοῖσιν
420 3498 470 3551 ὑ.
512 3499 614 3551 cet.
761 3503 830 3553 20
867 3497 1010 3569 αὕτη
1045 3498 1181 3565 KU,
1221 3498 1363 3567 αὐτὴ
1399 3498 1459 3551 Μ
1494 3498 1593 3553 rel.
1704 3498 2007 3553 συνὸίοιδε·
2048 3499 2146 3553 καὶ
2173 3500 2236 3569 β.·

206 3568 388 3636 codd„
428 3585 565 3622 corr.
603 3568 739 3623 Litt.
886 3575 954 3623 24
994 3568 1255 3640 ὁμήρειον
1290 3569 1680 3636 DFHIJKU‚
1720 3568 1952 3638 ὁμήριον
1987 3569 2047 3622 Μ
