2588 3876
992 139 1413 201 PRAEFATIO.
2132 150 2212 200 XI

308 314 711 374 confirmatur
727 315 972 392 insuper
987 315 1297 392 ApoHonii
1315 318 1639 375 auctoritas
1659 334 1944 375 consensu
1955 316 2213 392 quodam

186 403 401 464 Galeni
455 405 705 482 singulis
771 407 1182 465 commentarii
1235 406 1330 464 sui
1381 406 1975 481 interpretationibus
2031 406 2212 465 verba

184 494 571 570 Hippocratis
589 495 1046 570 praemittentis»,
1068 496 1171 571 qui
1191 513 1509 553 consensus
1525 494 1814 553 eiusmodi
1833 498 1939 569 est,
1958 497 2028 553 ut
2044 496 2212 553 testi-

184 585 384 642 monia
415 581 694 642 Citiensis
724 587 783 641 et
818 583 1171 661 Pergameni
1197 583 1354 642 inter
1382 602 1445 642 se
1473 585 1861 661 congruentia
1887 584 2048 642 haud
2075 603 2210 642 raro

186 672 394 731 ceteris
438 670 692 731 testibus
731 672 1005 732 omnibus
1045 672 1353 732 obsistant.
1432 671 1854 731 Commentarii
1899 670 2213 731 Galeniani

183 763 247 819 in
300 760 550 835 librum,
616 761 720 836 qui
765 763 857 820 est
917 759 1050 840 περὶ
1112 757 1363 841 ἄρθρων
1425 759 1698 839 ἐμβολῆς,
1763 761 2211 836 antiquissimus

180 849 364 908 codex
409 852 501 908 est
542 849 703 908 idem
747 850 850 909 ille
895 849 1332 910 Laurentianus
1378 852 1479 925 74,
1512 853 1546 908 7
1589 842 1717 931 (fol.
1761 843 2210 932 314⁸—467⁸).

186 937 299 997 Sed
352 939 510 997 male
562 940 629 996 in
685 958 752 997 eo
799 939 999 998 codice
1053 941 1280 998 factum
1326 942 1441 1014 est,
1498 939 1657 1014 quod
1710 937 1986 998 librarius
2033 939 2212 999 verba

183 1027 569 1104 Hippocratis
615 1028 867 1105 singulis
904 1029 1312 1087 commentarii
1356 1029 1627 1104 partibus
1661 1030 2012 1104 praemissa,
2062 1048 2212 1104 quae

183 1117 385 1175 littera
430 1119 490 1174 Γ
527 1116 1017 1194 significavimus,
1071 1118 1275 1176 multis
1331 1118 1476 1177 locis
1533 1117 1608 1175 ad
1662 1118 1839 1176 initia
1884 1135 2213 1192 paucorum

184 1224 466 1265 versuum
519 1206 616 1264 vel
669 1207 845 1264 unius
899 1206 1139 1281 recidit,
1202 1207 1514 1266 interiecta
1578 1207 1794 1265 omisit.
1884 1206 2002 1265 Illa
2064 1207 2213 1265 folia

189 1294 405 1353 codicis
433 1291 824 1354 Laurentiani
851 1296 917 1353 in
944 1313 1117 1354 usum
1144 1295 1473 1355 Hermanni
1503 1294 1762 1354 Schoene
1791 1314 1925 1354 cum
1953 1295 2211 1354 editione

183 1383 540 1442 Kuehniana
573 1383 827 1443 Ioannes
866 1382 1135 1443 Graeven
1172 1387 1423 1460 primuS,
1472 1385 1629 1459 quod
1674 1402 1782 1461 ego
1829 1385 2030 1458 sciam,
2076 1403 2212 1442 con-

182 1472 338 1532 tulit.
434 1471 750 1531 Graevenii
795 1473 1175 1531 collationem
1219 1473 1322 1531 ille
1367 1493 1475 1548 pro
1513 1492 1622 1532 sua
1656 1472 2019 1532 liberalitate
2064 1474 2213 1531 mihi

183 1563 457 1636 permisit
517 1581 638 1619 una
701 1580 836 1620 cum
899 1560 1216 1621 Graevenii
1267 1562 1513 1636 litteris,
1575 1561 1732 1619 unde
1795 1562 1941 1621 haec
2004 1564 2211 1637 paucis

180 1653 410 1725 repeto:
448 1650 864 1709 discernuntur
889 1654 1127 1726 praeter
1154 1650 1593 1710 emendationes
1622 1669 1834 1709 manus
1861 1651 2211 1726 principalis

181 1757 392 1797 manus
431 1740 803 1799 correctrices
842 1739 1019 1815 duae,
1058 1741 1246 1799 altera
1282 1740 1506 1799 saeculi
1542 1731 1793 1817 XIJXII,
1831 1740 2053 1798 saeculi
2069 1736 2213 1797 XIV

183 1829 398 1903 altera,
465 1844 616 1903 quae
671 1828 911 1887 eaedem
966 1832 1105 1887 sunt
1163 1830 1344 1905 atque
1398 1829 1566 1902 illae,
1632 1846 1779 1903 quas
1826 1847 1932 1887 nos
1980 1829 2214 1902 aliquot

183 1919 351 1976 annis
400 1919 540 1977 ante
584 1917 649 1975 in
695 1920 778 1976 eis
822 1917 1095 1994 partibus
1142 1918 1387 1993 codicis,
1434 1934 1583 1993 quae
1622 1916 1699 1976 ad
1736 1935 1946 1994 corpus
1984 1916 2211 1994 Hippo-

182 2007 469 2065 craticum
541 2009 842 2084 pertinent
859 2053 873 2082 ,
948 2000 1438 2083 deprehendimus
1504 2009 1565 2066 et
1624 2007 1793 2083 siglis
1866 1999 1947 2065 B2
2010 2009 2070 2066 et
2132 1999 2213 2064 13⁸

187 2094 651 2173 significavimus
699 2089 800 2177 (cf.
837 2097 955 2155 vol.
992 2095 1050 2171 I,
1094 2117 1150 2172 p.
1188 2089 1347 2177 XV).
1441 2096 1670 2155 Deinde
1716 2096 2075 2155 monendum
2121 2099 2211 2155 est

179 2187 315 2259 post
332 2183 518 2244 verba
544 2180 662 2244 ἀπό
684 2176 756 2266 (1)
785 2205 844 2243 τε
871 2193 989 2244 τῶν
1007 2189 1285 2245 σκελετῶν
1305 2186 1714 2244 commentarii
1733 2178 1878 2265 (vol.
1898 2184 2120 2260 XVIII,
2138 2184 2212 2259 A,

181 2292 237 2347 p.
268 2274 417 2348 526,
448 2274 490 2330 4
531 2273 617 2330 ed.
656 2265 915 2354 Kuehn.)
963 2276 1134 2349 sequi
1177 2276 1242 2332 in
1289 2274 1490 2333 codice
1540 2276 1639 2350 74,
1675 2277 1709 2332 7
1748 2267 2058 2334 Ἁπάντων
2094 2281 2212 2332 τῶν

182 2361 345 2444 ζῳων
368 2407 382 2420 .
405 2407 418 2420 .
441 2407 454 2420 .
475 2358 571 2420 ἐπὶ
599 2369 668 2445 τῇ
696 2359 1051 2445 προκειμένῃ
1079 2369 1194 2422 νῦν
1212 2361 1379 2443 ῥήσει
1409 2355 1491 2443 (p.
1517 2365 1664 2438 536,
1686 2363 1964 2436 3—546,
1990 2364 2072 2421 10
2089 2354 2209 2442 K).

182 2449 324 2509 Inde
362 2454 695 2525 sequuntur
738 2451 920 2511 verba
957 2454 1134 2510 antea
1180 2454 1399 2511 omissa
1437 2454 1496 2510 et
1531 2454 1670 2527 post
1704 2452 1851 2509 haec
1887 2452 1994 2508 illa
2029 2451 2211 2509 verba

171 2531 488 2598 Ἁπάντων
528 2585 540 2597 .
572 2585 585 2598 .
617 2586 629 2598 .
667 2538 833 2619 ῥήσει
878 2542 1095 2599 iterum
1128 2535 1445 2618 ¹leguntur.
1549 2541 1711 2610 Quae
1773 2559 1841 2598 ex
1894 2540 2209 2598 iteratione

180 2627 645 2705 intellegendum
681 2632 771 2688 est
806 2629 959 2688 illud
985 2622 1070 2687 ΓΙ
1107 2633 1167 2688 et
1192 2622 1305 2687 ΓΙΙ
1331 2630 1397 2687 in
1431 2631 1635 2689 nostro
1673 2630 1968 2704 apparatu
2004 2628 2209 2686 critico

181 2736 234 2791 p.
280 2718 407 2775 173
458 2715 714 2775 obvium.

314 2803 500 2865 Cuius
556 2807 931 2865 auctoritatis
976 2809 1036 2864 Γ
1081 2806 1186 2881 sit,
1249 2807 1347 2865 vel
1400 2806 1538 2865 inde
1593 2806 1991 2883 cognoscitur,
2054 2806 2213 2880 quod

182 2911 315 2952 cum
390 2895 652 2969 optimae
724 2895 1042 2954 memoriae
1126 2895 1325 2955 codice
1396 2896 1448 2953 B
1522 2896 1873 2971 cognatione
1952 2895 2212 2970 quadam

182 2983 580 3061 coniungitur.
698 2983 899 3051 Unum
970 2986 1271 3060 praecipio
1343 3003 1454 3060 pro
1526 2984 1731 3043 multis
1804 2984 2211 3043 testimonium

181 3091 409 3144 τεονεος
455 3090 564 3148 pro
611 3073 851 3144 τεθνεός
889 3065 989 3155 (cf.
1029 3093 1084 3148 p.
1120 3066 1307 3153 222),
1354 3073 1513 3148 quod
1557 3073 1649 3132 his
1695 3073 1864 3132 libris
1903 3092 2211 3132 commune

183 3162 287 3218 est.
360 3160 547 3219 Plura
593 3161 760 3221 dabit
807 3164 1155 3238 apparatus,
1203 3181 1272 3220 ex
1320 3181 1437 3237 quo
1483 3164 1628 3221 satis
1676 3163 1926 3237 apparet
1960 3164 2026 3220 in
2063 3162 2210 3220 duas

182 3252 385 3323 partes
431 3250 730 3310 discedere
776 3251 1002 3310 codices
1021 3297 1036 3327 ,
1097 3270 1350 3326 quarum
1395 3251 1639 3310 alterius
1686 3251 1805 3310 dux
1851 3254 1941 3310 est
1984 3251 2063 3325 B,
2110 3251 2210 3308 ad-

183 3340 556 3398 versantibus
606 3338 1037 3414 quodammodo
1093 3359 1162 3398 ex
1217 3339 1409 3398 altera
1462 3342 1631 3415 parte
1685 3339 1829 3397 MV.
1912 3339 2025 3415 Ap.
2066 3342 2125 3397 et
2160 3341 2220 3396 Γ

185 3428 375 3502 magis
440 3446 578 3486 cum
638 3428 743 3486 illo
807 3430 1037 3487 faciunt
1106 3431 1166 3486 et
1227 3446 1429 3486 rursus
1492 3429 1611 3503 ipsi
1674 3428 1965 3502 quaedam
2034 3443 2207 3501 pecu-

188 3511 364 3574 liaria
405 3516 646 3592 habent,
682 3518 849 3576 velut
883 3538 940 3593 p.
985 3518 1107 3576 113
1157 3508 1316 3594 ὦμος
1353 3535 1465 3574 om.
1512 3519 1572 3573 Γ
1605 3515 1746 3589 Ap.,
1797 3517 1940 3588 115,
1972 3515 2009 3570 2
2057 3505 2206 3584 οἷον,
