2588 3876
903 157 1077 207 ΠΕΡΙ
1111 155 1366 207 ΑΓΜΩΝ
1404 157 1488 207 28.
1519 159 1585 208 29
2173 152 2257 217 89

218 312 372 380 ἔστ’
424 313 511 380 ἂν
556 314 809 401 ἀποστῇ
855 317 929 382 τὸ
984 315 1248 400 ὀστέον,
1305 317 1414 381 καὶ
1460 317 1800 404 νάρθηκας
1845 316 1932 400 μὴ
1992 332 2261 403 προστι-

219 420 454 487 θέναι.
602 429 612 435 “
1816 432 1819 434 ’

374 528 480 592 29.
541 526 874 594 Ὁπόσο-ισι
943 525 1019 594 δὲ
1080 528 1351 614 μέζονος
1413 527 1646 594 ὀστέου
1708 528 2066 606 ἀπόστασις
2124 529 2261 595 ἐπί-

226 631 435 711 δοξος
497 638 781 719 γίνεται,
849 637 936 719 ἥν
993 658 1063 701 τε
1122 632 1187 712 ἐξ
1252 634 1457 721 ἀρχῆς
1517 644 1822 723 προγνῷς
1883 638 1968 719 ἤν
2024 659 2094 701 τε
2151 637 2260 701 καὶ

227 743 464 806 ἔπειτα
509 747 875 829 μεταγνῷς,
921 741 1044 807 οὐκ
1079 745 1177 807 ἔτι
1214 748 1330 826 τῆς
1367 742 1569 825 αὐτῆς
1606 744 1888 828 ἰητρείης
1927 744 2050 826 δεῖ,
2096 741 2263 808 ἀλλὰ
2314 767 2342 808 ε

227 847 359 924 τὰς
414 843 537 931 μὲν
589 849 982 925 κατατάσιας
1034 848 1143 913 καὶ
1188 850 1305 925 τὰς
1351 849 1757 933 διορθώσιας
1802 849 2014 925 οὕτως
2056 859 2261 914 ποιεῖ-

229 959 429 1037 σθαι,
474 954 692 1040 ὥσπερ
741 960 1019 1041 εἴρηται·
1065 960 1362 1038 σπλῆνας
1399 950 1475 1019 δὲ
1511 956 1635 1040 χρὴ
1674 954 1972 1039 διπλοῦς,
2016 957 2263 1033 πλάτος

226 1056 366 1143 μὲν
399 1059 1010 1144 ἡμισπυθαμιαίους,
1055 1062 1144 1145 μὴ
1192 1060 1513 1138 ἐλάσσους
1548 1099 1640 1108 -
1674 1060 1910 1126 ὁποῖον
1956 1058 2030 1126 δὲ
2069 1063 2152 1126 ἄν
2196 1085 2261 1126 τι

227 1167 351 1231 καὶ
392 1166 469 1230 ’τὸ
523 1176 748 1252 τρῶμα
792 1158 866 1253 ᾗ,
918 1167 1083 1251 πρὸς
1136 1175 1334 1233 τοῦτο
1389 1169 1861 1251 τεκμαίρεσθαι
1905 1205 2012 1251 —-,
2056 1177 2261 1252 μῆκος

228 1268 316 1337 δὲ
372 1271 820 1358 βραχυτέρους
872 1269 996 1357 μὲν
1048 1272 1250 1361 ὀλίγῳ
1306 1273 1348 1358 ἢ
1399 1274 1567 1339 ὥστε
1621 1273 1725 1350 δὶς
1775 1280 2259 1359 περιικνεῑσθαι
2287 1301 2343 1343 ιο

225 1378 391 1464 περὶ
435 1378 510 1443 τὸ
555 1389 743 1460 σῶμα
783 1380 862 1443 τὸ
894 1378 1325 1465 τετρωμένον,
1371 1378 1816 1466 μακροτέρους
1852 1376 1926 1445 δὲ
1962 1388 2181 1468 συχνῷ
2218 1379 2258 1464 ἢ

230 1486 410 1551 ὥστε
454 1483 622 1562 ἅπαξ
659 1492 1167 1571 περιικνεῑσθαι,
1212 1490 1472 1570 πλῆθος
1518 1486 1591 1551 δὲ
1637 1486 1924 1562 ὁπόσους
1968 1485 2051 1551 ἂν
2097 1504 2258 1572 συμ-

232 1590 411 1676 φέρῃ
467 1593 933 1676 ποιησάμενον,
985 1593 1268 1668 τούτους
1324 1591 1399 1656 gv
1448 1597 1610 1679 οἴνῳ
1665 1590 1899 1668 μέλανι
1953 1592 2259 1679 αὐστηρῷ

230 1696 565 1783 βρέχοντα
604 1699 727 1784 χρὴ
766 1697 838 1763 ἐκ
874 1697 1078 1783 μέσου
1126 1698 1515 1783 ἀρχόμενον,
1553 1698 1641 1774 ὡς
1677 1696 1805 1782 ἀπὸ
1843 1698 1968 1763 δύο
2006 1697 2261 1783 ἀρχέων

228 1802 602 1889 ὑποδεσμὶς
656 1803 1003 1889 ἐπιδεῖται,
1059 1808 1501 1891 περιελίσσειν
1543 1804 1651 1868 καὶ
1706 1800 1928 1869 ἔπειτα
1981 1821 2259 1889 σκεπαρ-
2286 1829 2340 1871 15

230 1910 448 1995 νηδὸν
491 1912 1045 1997 παραλλάσσοντα
1084 1912 1201 1991 τὰς
1246 1910 1448 1998 ἀρχὰς
1494 1909 1778 1996 ἀφιέναι.
1848 1918 2056 1976 ταῦτα
2096 1911 2261 1977 κατά

232 2041 306 2082 τε
355 2017 515 2083 αὐτὸ
558 2019 633 2084 τὸ
680 2017 868 2096 ἕλκος
912 2031 1133 2085 ποιεῖν
1175 2017 1285 2084 καὶ
1332 2020 1495 2084 κατὰ
1540 2020 1613 2084 τὸ
1662 2022 1865 2084 ἔνθεν
1908 2016 2018 2083 καὶ
2055 2020 2259 2083 ἔνθεν

232 2132 362 2189 τοῦ
407 2123 656 2201 ἕλκεος·
701 2125 815 2191 καὶ
846 2125 1186 2210 πεπιέχθω
1224 2122 1348 2210 μὲν
1383 2129 1493 2211 μή,
1540 2123 1678 2191 ἀλλ’
1725 2124 1885 2190 ὅσον
1922 2123 2256 2212 ἑρμασμοῦ

231 2231 490 2296 εἵνεκεν
524 2240 646 2296 τοῦ
682 2229 904 2309 ἕλκεος
942 2233 951 2316 Ι
990 2235 1429 2316 προσκείσθω.
1502 2228 1610 2297 ἐπὶ
1647 2228 1722 2296 δὲ
1759 2232 1919 2297 αὐτὸ
1956 2234 2029 2299 τὸ
2054 2231 2242 2308 ἕλκος
2259 2247 2367 2297 516

231 2335 612 2403 ε’πιτυθέναι
664 2338 787 2422 χρὴ
835 2340 1163 2422 πισσηρὴν
1207 2341 1250 2422 ἥ
1296 2363 1359 2404 τι
1405 2349 1540 2404 τῶν
1593 2336 1882 2422 ἐναίμων
1926 2340 1968 2421 ἤ
2013 2362 2075 2403 τι
2124 2348 2257 2403 τῶν
2284 2365 2337 2406 ιο

231 2444 460 2508 ἄλλων
504 2445 874 2528 φαρμάκων
920 2444 956 2509 ὅ
1001 2467 1064 2508 τι
1107 2445 1489 2531 σύντροφόν
1526 2444 1707 2510 ἐστιν
1743 2443 2076 2527 ἐπιτέγξει.
2147 2442 2259 2509 καὶ

385 2658 416 2705 3
447 2651 531 2707 ὀκ.
563 2654 722 2708 codd.
798 2645 932 2723 μείζ.
961 2653 1082 2707 MV
1180 2660 1214 2707 4
1278 2653 1465 2724 ένηται
1494 2655 1614 2709 MV
1676 2656 1774 2709 καὶ
1802 2654 1909 2708 (161.
1937 2653 2012 2707 B³
2111 2657 2142 2706 5
2172 2656 2262 2708 δεῖ

230 2725 298 2790 Β,
339 2724 480 2776 mut.
509 2723 571 2776 in
609 2729 785 2780 δεῖται
823 2726 914 2790 Β3,
953 2730 1132 2782 δεῖται
1166 2676 1372 2779 Bfflv
1514 2731 1544 2779 6
1584 2724 1727 2780 οὕτω
1764 2725 1885 2779 MV
1962 2722 2258 2780 ποιέεσθαι

234 2794 400 2850 codd.
542 2801 571 2848 7
612 2797 842 2858 διπλοὺς
876 2797 928 2851 V
1034 2802 1066 2850 8
1104 2795 1378 2866 ἡμισπηθ.
1416 2796 1532 2849 ΒΜ
1612 2795 1802 2851 ὁκοῖον
1837 2794 1958 2850 MV
2028 2798 2157 2864 post
2195 2795 2258 2852 δὲ

407 2869 532 2877 ...οη-ι...

232 2884 366 2938 add.
410 2885 526 2939 δεῖ
557 2884 604 2936 Β
712 2890 742 2939 9
763 2884 826 2939 τὸ
854 2884 1012 2950 NH',
1044 2901 1112 2938 ss.
1142 2885 1232 2950 B⁸,
1262 2902 1368 2939 om.
1387 2884 1592 2940 B¹MV
1700 2890 1766 2938 10
1786 2886 1943 2955 βραχ.
1965 2904 2074 2954 μην
2095 2884 2170 2938 ὀλ.
2191 2885 2257 2954 Β,

271 2975 322 3022 ρ.
343 2955 443 3025 μὲν
473 2956 549 3011 ἀλ.
581 2955 717 3020 MV,
747 2955 924 3010 altero
951 2955 1074 3010 loco
1103 2956 1206 3010 οὐκ
1236 2956 1343 3023 ὀλ.,
1377 2955 1553 3010 altero
1581 2955 1654 3026 μὴ
1684 2955 1760 3009 ὀλ.
1784 2954 1903 3009 Gal.
1943 2972 2005 3020 6.,
2037 2956 2140 3011 οὐκ
2178 2956 2254 3011 ὀλ.

283 3043 420 3094 osq.,
458 3027 537 3097 μὴ
573 3025 648 3080 ὀλ.
688 3025 825 3080 Ιιίὲίκ
931 3025 1351 3094 περιικνέεσθαι
1386 3027 1563 3081 BMV
1707 3033 1770 3081 11
1810 3026 1872 3080 τὸ
1912 3043 1957 3081 σ.
1998 3029 2114 3095 (τοῦ
2153 3029 2257 3082 σώ-

228 3098 649 3223 Εέῧὲἰῑὲἷίηᾍ
660 3103 755 3238 ²²33>
771 3097 1266 3222 τθοὲἕξὶιέἕῢΕέΞ,
1298 3098 1483 3222 ἷέῗιᾱ“’
1536 3097 2258 3224 ἳῗπῗθῖῗῖἶῖἓσὲἶῗῗὲὲῗῖ

342 3239 432 3295 ὄπ.
470 3239 664 3305 BMV,
704 3210 787 3294 522.
829 3241 931 3293 oet.
1024 3211 1190 3309 ξυίιφ.
1230 3210 1350 3293 Μν
1424 3212 1525 3294 '14
1563 3241 1633 3308 ἀρ
1673 3188 1752 3294 ῶῖ
1786 3239 1906 3295 MV
2016 3245 2081 3294 15
2118 3212 2256 3295 ὑπιέ

231 3314 422 3381 δεσμις
456 3311 575 3364 ΒΜ
664 3309 900 3364 κᾶπειτα
937 3310 1057 3364 MV
1174 3316 1241 3364 16
1275 3309 1583 3379 παραλάσσ.
1679 3311 1730 3364 V
1810 3309 2068 3379 ἀφειέναι
2104 3312 2149 3364 Β

230 3388 301 3435 ,17
338 3380 555 3437 ποιέειν
593 3382 752 3436 codd.
901 3385 965 3434 18
1002 3379 1221 3453 πιέχθω
1258 3381 1379 3436 MV
1515 3386 1579 3434 19
1621 3380 1804 3436 ἕνεκεν
1841 3381 2017 3446 codd„
2058 3379 2254 3448 scripsi

233 3451 335 3508 εἴν.
430 3455 564 3511 ante
599 3469 795 3520 προσκ.
834 3452 1005 3506 iterat
1038 3473 1136 3507 και
1169 3471 1299 3507 πεπ.
1338 3471 1438 3522 μεν
1475 3473 1546 3521 μη
1584 3452 1630 3505 Β
1728 3453 1859 3520 post
1891 3469 2083 3518 προσκ.
2124 3450 2252 3502 add.

228 3523 295 3580 δὲ
330 3524 561 3594 punctis
600 3523 879 3577 inclusum
913 3523 960 3576 Β
1071 3529 1134 3577 21
1177 3525 1308 3578 ante
1338 3523 1518 3589 σύντρ.
1550 3521 1678 3575 add.
1708 3522 1769 3575 τὸ
1805 3521 1895 3586 B1,
1938 3519 2044 3573 del.
2074 3519 2149 3570 13⁸
