<?xml version="1.0" encoding="UTF-8"?>
<!DOCTYPE html PUBLIC "-//W3C//DTD XHTML 1.0 Transitional//EN"
    "http://www.w3.org/TR/xhtml1/DTD/xhtml1-transitional.dtd">
<html xmlns="http://www.w3.org/1999/xhtml" xml:lang="en" lang="en">
 <head>
  <title>
</title>
<meta http-equiv="Content-Type" content="text/html;charset=utf-8" />
  <meta name='ocr-system' content='tesseract 3.04.00' />
  <meta name='ocr-capabilities' content='ocr_page ocr_carea ocr_par ocr_line ocrx_word'/>
</head>
<body>
  <div class='ocr_page' id='page_1' title='image "./operaqvaefervnt00ilbegoog_0256.png"; bbox 0 0 2588 3876; ppageno 0'>
   <div class='ocr_carea' id='block_1_1' title="bbox 264 195 1925 258">
    <p class='ocr_par' dir='ltr' id='par_1_1' title="bbox 264 195 1925 258">
     <span class='ocr_line' id='line_1_1' title="bbox 264 195 1925 258; baseline -0.007 1"><span class='ocrx_word' id='word_1_1' title='bbox 264 195 394 258; x_wconf 80' lang='grc'><em>218</em></span> <span class='ocrx_word' id='word_1_2' title='bbox 718 198 893 246; x_wconf 80' lang='grc' dir='ltr'><strong>ΠΕΡΙ</strong></span> <span class='ocrx_word' id='word_1_3' title='bbox 927 196 1218 250; x_wconf 74' lang='grc' dir='ltr'>ΑΡΘΡΩΝ</span> <span class='ocrx_word' id='word_1_4' title='bbox 1254 198 1616 248; x_wconf 79' lang='grc' dir='ltr'><em>ΕΜΒοΛΗΣ</em></span> <span class='ocrx_word' id='word_1_5' title='bbox 1656 202 1738 249; x_wconf 83' lang='lat'><em>65.</em></span> <span class='ocrx_word' id='word_1_6' title='bbox 1771 202 1839 249; x_wconf 84' lang='lat'><em>66</em></span> <span class='ocrx_word' id='word_1_7' title='bbox 1917 226 1925 234; x_wconf 87' lang='lat'>-</span> 
     </span>
    </p>
   </div>
   <div class='ocr_carea' id='block_1_2' title="bbox 208 354 2316 1186">
    <p class='ocr_par' dir='ltr' id='par_1_2' title="bbox 264 354 2316 766">
     <span class='ocr_line' id='line_1_2' title="bbox 267 354 2315 446; baseline 0.001 -25"><span class='ocrx_word' id='word_1_8' title='bbox 267 357 542 442; x_wconf 81' lang='grc' dir='ltr'><em>δέστερα</em></span> <span class='ocrx_word' id='word_1_9' title='bbox 605 354 678 421; x_wconf 75' lang='grc' dir='ltr'><em>δὲ</em></span> <span class='ocrx_word' id='word_1_10' title='bbox 737 367 943 421; x_wconf 87' lang='grc' dir='ltr'><em>ταῦτα</em></span> <span class='ocrx_word' id='word_1_11' title='bbox 1003 368 1138 421; x_wconf 83' lang='grc' dir='ltr'><em>τῶν</em></span> <span class='ocrx_word' id='word_1_12' title='bbox 1199 356 1443 443; x_wconf 80' lang='grc' dir='ltr'><em>ἑτέρων</em></span> <span class='ocrx_word' id='word_1_13' title='bbox 1504 360 1756 441; x_wconf 77' lang='grc' dir='ltr'><em>γίνεται</em></span> <span class='ocrx_word' id='word_1_14' title='bbox 1830 357 1938 423; x_wconf 88' lang='grc' dir='ltr'><em>καὶ</em></span> <span class='ocrx_word' id='word_1_15' title='bbox 2011 359 2145 446; x_wconf 77' lang='grc' dir='ltr'><em>ὅσω</em></span> <span class='ocrx_word' id='word_1_16' title='bbox 2218 359 2315 423; x_wconf 78' lang='grc' dir='ltr'><em>ἄν</em></span> 
     </span>
     <span class='ocr_line' id='line_1_3' title="bbox 264 457 2314 551; baseline 0.001 -24"><span class='ocrx_word' id='word_1_17' title='bbox 264 463 570 548; x_wconf 78' lang='grc' dir='ltr'><em>ἀνωτέρω</em></span> <span class='ocrx_word' id='word_1_18' title='bbox 618 462 727 528; x_wconf 88' lang='grc' dir='ltr'><em>καὶ</em></span> <span class='ocrx_word' id='word_1_19' title='bbox 775 465 910 551; x_wconf 77' lang='grc' dir='ltr'><em>ὅσῳ</em></span> <span class='ocrx_word' id='word_1_20' title='bbox 957 462 1042 528; x_wconf 76' lang='grc' dir='ltr'><em>ἂν</em></span> <span class='ocrx_word' id='word_1_21' title='bbox 1091 465 1483 549; x_wconf 84' lang='grc' dir='ltr'><em>ἰσχυρότερα</em></span> <span class='ocrx_word' id='word_1_22' title='bbox 1530 457 1573 550; x_wconf 81' lang='grc' dir='ltr'><em>ᾗ</em></span> <span class='ocrx_word' id='word_1_23' title='bbox 1627 463 1735 529; x_wconf 83' lang='grc' dir='ltr'><em>καὶ</em></span> <span class='ocrx_word' id='word_1_24' title='bbox 1783 464 1911 529; x_wconf 83' lang='grc' dir='ltr'><em>ἀπὸ</em></span> <span class='ocrx_word' id='word_1_25' title='bbox 1961 465 2314 549; x_wconf 84' lang='grc' dir='ltr'><em>ἰσχυροτέ-</em></span> 
     </span>
     <span class='ocr_line' id='line_1_4' title="bbox 267 566 2316 656; baseline 0.001 -23"><span class='ocrx_word' id='word_1_26' title='bbox 267 594 405 655; x_wconf 90' lang='grc' dir='ltr'><em>ρων</em></span> <span class='ocrx_word' id='word_1_27' title='bbox 456 571 815 655; x_wconf 81' lang='grc' dir='ltr'><em>ὠλισθήκῃ.</em></span> <span class='ocrx_word' id='word_1_28' title='bbox 897 570 983 654; x_wconf 76' lang='grc' dir='ltr'><em>ἢν</em></span> <span class='ocrx_word' id='word_1_29' title='bbox 1030 566 1104 634; x_wconf 75' lang='grc' dir='ltr'><em>δὲ</em></span> <span class='ocrx_word' id='word_1_30' title='bbox 1150 571 1224 634; x_wconf 92' lang='grc' dir='ltr'><em>τὸ</em></span> <span class='ocrx_word' id='word_1_31' title='bbox 1280 570 1515 635; x_wconf 85' lang='grc' dir='ltr'><em>ὀστέον</em></span> <span class='ocrx_word' id='word_1_32' title='bbox 1570 573 1644 636; x_wconf 92' lang='grc' dir='ltr'><em>τὸ</em></span> <span class='ocrx_word' id='word_1_33' title='bbox 1693 580 1814 635; x_wconf 85' lang='grc' dir='ltr'><em>τοῦ</em></span> <span class='ocrx_word' id='word_1_34' title='bbox 1871 580 2088 655; x_wconf 86' lang='grc' dir='ltr'><em>μηροῦ</em></span> <span class='ocrx_word' id='word_1_35' title='bbox 2134 572 2316 656; x_wconf 80' lang='grc' dir='ltr'><em>πρὸς</em></span> 
     </span>
     <span class='ocr_line' id='line_1_5' title="bbox 269 674 2314 766; baseline 0.001 -26"><span class='ocrx_word' id='word_1_36' title='bbox 269 686 389 742; x_wconf 88' lang='grc' dir='ltr'><em>τοῦ</em></span> <span class='ocrx_word' id='word_1_37' title='bbox 436 679 764 759; x_wconf 77' lang='grc' dir='ltr'><strong><em>γούνατος</em></strong></span> <span class='ocrx_word' id='word_1_38' title='bbox 819 676 1008 752; x_wconf 82' lang='grc' dir='ltr'><em>ἕλκος</em></span> <span class='ocrx_word' id='word_1_39' title='bbox 1052 678 1507 760; x_wconf 73' lang='grc' dir='ltr'><em>ποιησάμενον</em></span> <span class='ocrx_word' id='word_1_40' title='bbox 1563 675 1909 766; x_wconf 76' lang='grc' dir='ltr'><em>ἐξολίσθῃ,</em></span> <span class='ocrx_word' id='word_1_41' title='bbox 1963 674 2314 761; x_wconf 72' lang='grc' dir='ltr'><em>ἐμβληθὲν</em></span> 
     </span>
    </p>

    <p class='ocr_par' dir='ltr' id='par_1_3' title="bbox 208 779 2313 1186">
     <span class='ocr_line' id='line_1_6' title="bbox 208 779 2313 867; baseline 0 -20"><span class='ocrx_word' id='word_1_42' title='bbox 208 807 236 847; x_wconf 83' lang='lat'><strong>5</strong></span> <span class='ocrx_word' id='word_1_43' title='bbox 264 779 388 864; x_wconf 74' lang='grc' dir='ltr'><em>μὲν</em></span> <span class='ocrx_word' id='word_1_44' title='bbox 434 781 543 847; x_wconf 88' lang='grc' dir='ltr'><em>καὶ</em></span> <span class='ocrx_word' id='word_1_45' title='bbox 593 782 910 866; x_wconf 80' lang='grc' dir='ltr'><em>ἐμμεῖναν</em></span> <span class='ocrx_word' id='word_1_46' title='bbox 955 786 1051 848; x_wconf 82' lang='grc' dir='ltr'><em>ἔτι</em></span> <span class='ocrx_word' id='word_1_47' title='bbox 1107 785 1489 867; x_wconf 87' lang='grc' dir='ltr'><em>βιαιότερον</em></span> <span class='ocrx_word' id='word_1_48' title='bbox 1543 781 1653 847; x_wconf 87' lang='grc' dir='ltr'><em>καὶ</em></span> <span class='ocrx_word' id='word_1_49' title='bbox 1700 790 1967 848; x_wconf 82' lang='grc' dir='ltr'><em>θᾶσσον</em></span> <span class='ocrx_word' id='word_1_50' title='bbox 2011 784 2130 847; x_wconf 91' lang='grc' dir='ltr'><em>τὸν</em></span> <span class='ocrx_word' id='word_1_51' title='bbox 2175 785 2313 848; x_wconf 75' lang='grc' dir='ltr'><em>θά-</em></span> 
     </span>
     <span class='ocr_line' id='line_1_7' title="bbox 265 885 2311 974; baseline 0 -22"><span class='ocrx_word' id='word_1_52' title='bbox 265 913 471 953; x_wconf 91' lang='grc' dir='ltr'><em>νατον</em></span> <span class='ocrx_word' id='word_1_53' title='bbox 516 900 695 954; x_wconf 85' lang='grc' dir='ltr'><em>ποιεῖ</em></span> <span class='ocrx_word' id='word_1_54' title='bbox 740 889 779 973; x_wconf 78' lang='grc' dir='ltr'><em>ἢ</em></span> <span class='ocrx_word' id='word_1_55' title='bbox 826 890 906 954; x_wconf 81' lang='grc' dir='ltr'><em>τὰ</em></span> <span class='ocrx_word' id='word_1_56' title='bbox 951 892 1254 974; x_wconf 82' lang='grc' dir='ltr'><em>πρόσθεν</em></span> <span class='ocrx_word' id='word_1_57' title='bbox 1302 888 1643 974; x_wconf 82' lang='grc' dir='ltr'><em>εἰρημένα·</em></span> <span class='ocrx_word' id='word_1_58' title='bbox 1699 891 1788 973; x_wconf 84' lang='grc' dir='ltr'><em>μὴ</em></span> <span class='ocrx_word' id='word_1_59' title='bbox 1836 885 2173 973; x_wconf 71' lang='grc' dir='ltr'><em>ἐμβληθὲν</em></span> <span class='ocrx_word' id='word_1_60' title='bbox 2221 890 2311 954; x_wconf 78' lang='grc' dir='ltr'><em>δὲ</em></span> 
     </span>
     <span class='ocr_line' id='line_1_8' title="bbox 263 991 2310 1081; baseline 0 -22"><span class='ocrx_word' id='word_1_61' title='bbox 263 999 437 1060; x_wconf 92' lang='grc' dir='ltr'><em>πολὺ</em></span> <span class='ocrx_word' id='word_1_62' title='bbox 483 995 1097 1081; x_wconf 81' lang='grc' dir='ltr'><em>κινδυνωδέστερον</em></span> <span class='ocrx_word' id='word_1_63' title='bbox 1141 995 1182 1079; x_wconf 78' lang='grc' dir='ltr'><em>ἢ</em></span> <span class='ocrx_word' id='word_1_64' title='bbox 1228 998 1308 1059; x_wconf 84' lang='grc' dir='ltr'><em>τὰ</em></span> <span class='ocrx_word' id='word_1_65' title='bbox 1349 999 1681 1080; x_wconf 80' lang='grc' dir='ltr'><em>πρόσθεν·</em></span> <span class='ocrx_word' id='word_1_66' title='bbox 1743 996 1918 1079; x_wconf 84' lang='grc' dir='ltr'><em>ὅμως</em></span> <span class='ocrx_word' id='word_1_67' title='bbox 1964 991 2038 1059; x_wconf 75' lang='grc' dir='ltr'><em>δὲ</em></span> <span class='ocrx_word' id='word_1_68' title='bbox 2081 996 2310 1079; x_wconf 87' lang='grc' dir='ltr'><em>μούνη</em></span> 
     </span>
     <span class='ocr_line' id='line_1_9' title="bbox 264 1099 1051 1186; baseline -0.001 -21"><span class='ocrx_word' id='word_1_69' title='bbox 264 1099 449 1177; x_wconf 78' lang='grc' dir='ltr'><em>ἐλπὶς</em></span> <span class='ocrx_word' id='word_1_70' title='bbox 495 1101 659 1184; x_wconf 79' lang='grc' dir='ltr'><em>αὕτη</em></span> <span class='ocrx_word' id='word_1_71' title='bbox 710 1104 1051 1186; x_wconf 83' lang='grc' dir='ltr'><em>σωτηρίης.</em></span> 
     </span>
    </p>
   </div>
   <div class='ocr_carea' id='block_1_3' title="bbox 154 1222 2315 2373">
    <p class='ocr_par' dir='ltr' id='par_1_4' title="bbox 398 1222 2313 1317">
     <span class='ocr_line' id='line_1_10' title="bbox 398 1222 2313 1317; baseline 0.001 -30"><span class='ocrx_word' id='word_1_72' title='bbox 398 1225 502 1289; x_wconf 89' lang='grc'><em>66.</em></span> <span class='ocrx_word' id='word_1_73' title='bbox 562 1226 788 1301; x_wconf 68' lang='grc' dir='ltr'><em>Ωιὺτὸς</em></span> <span class='ocrx_word' id='word_1_74' title='bbox 826 1226 901 1289; x_wconf 79' lang='grc' dir='ltr'><em>δὲ</em></span> <span class='ocrx_word' id='word_1_75' title='bbox 938 1228 1133 1308; x_wconf 80' lang='grc' dir='ltr'><em>λόγος</em></span> <span class='ocrx_word' id='word_1_76' title='bbox 1169 1226 1280 1289; x_wconf 81' lang='grc' dir='ltr'><em>καὶ</em></span> <span class='ocrx_word' id='word_1_77' title='bbox 1317 1222 1468 1310; x_wconf 85' lang='grc' dir='ltr'><em>περὶ</em></span> <span class='ocrx_word' id='word_1_78' title='bbox 1505 1236 1640 1289; x_wconf 83' lang='grc' dir='ltr'><em>τῶν</em></span> <span class='ocrx_word' id='word_1_79' title='bbox 1676 1227 1839 1289; x_wconf 86' lang='grc' dir='ltr'><em>κατὰ</em></span> <span class='ocrx_word' id='word_1_80' title='bbox 1876 1226 1996 1289; x_wconf 91' lang='grc' dir='ltr'><em>τὸν</em></span> <span class='ocrx_word' id='word_1_81' title='bbox 2030 1224 2313 1317; x_wconf 80' lang='grc' dir='ltr'><em>ἀγκῶνα</em></span> 
     </span>
    </p>

    <p class='ocr_par' dir='ltr' id='par_1_5' title="bbox 154 1329 2315 2373">
     <span class='ocr_line' id='line_1_11' title="bbox 184 1329 2309 1416; baseline -0 -20"><span class='ocrx_word' id='word_1_82' title='bbox 184 1358 236 1396; x_wconf 83' lang='lat'><em>10</em></span> <span class='ocrx_word' id='word_1_83' title='bbox 265 1332 548 1416; x_wconf 92' lang='grc' dir='ltr'><em>ἄρθρων</em></span> <span class='ocrx_word' id='word_1_84' title='bbox 597 1332 708 1395; x_wconf 80' lang='grc' dir='ltr'><em>καὶ</em></span> <span class='ocrx_word' id='word_1_85' title='bbox 754 1329 904 1415; x_wconf 91' lang='grc' dir='ltr'><em>περὶ</em></span> <span class='ocrx_word' id='word_1_86' title='bbox 960 1342 1096 1396; x_wconf 82' lang='grc' dir='ltr'><em>τῶν</em></span> <span class='ocrx_word' id='word_1_87' title='bbox 1141 1341 1260 1396; x_wconf 87' lang='grc' dir='ltr'><em>τοῦ</em></span> <span class='ocrx_word' id='word_1_88' title='bbox 1306 1335 1548 1415; x_wconf 82' lang='grc' dir='ltr'><em>πήχεος</em></span> <span class='ocrx_word' id='word_1_89' title='bbox 1593 1333 1703 1396; x_wconf 80' lang='grc' dir='ltr'><em>καὶ</em></span> <span class='ocrx_word' id='word_1_90' title='bbox 1748 1340 1868 1395; x_wconf 87' lang='grc' dir='ltr'><em>τοῦ</em></span> <span class='ocrx_word' id='word_1_91' title='bbox 1914 1334 2309 1416; x_wconf 82' lang='grc' dir='ltr'><em>βραχίονος·</em></span> 
     </span>
     <span class='ocr_line' id='line_1_12' title="bbox 263 1436 2314 1523; baseline -0 -22"><span class='ocrx_word' id='word_1_92' title='bbox 263 1437 386 1501; x_wconf 85' lang='grc' dir='ltr'><em>ὅσα</em></span> <span class='ocrx_word' id='word_1_93' title='bbox 432 1438 559 1523; x_wconf 77' lang='grc' dir='ltr'><em>γὰρ</em></span> <span class='ocrx_word' id='word_1_94' title='bbox 606 1436 692 1501; x_wconf 79' lang='grc' dir='ltr'><em>ἄν</em></span> <span class='ocrx_word' id='word_1_95' title='bbox 737 1439 997 1502; x_wconf 85' lang='grc' dir='ltr'><em>τούτων</em></span> <span class='ocrx_word' id='word_1_96' title='bbox 1041 1436 1546 1523; x_wconf 81' lang='grc' dir='ltr'><em>ἐξαρθρήσαντα</em></span> <span class='ocrx_word' id='word_1_97' title='bbox 1594 1436 1813 1522; x_wconf 77' lang='grc' dir='ltr'><em>ἐξίσχῃ</em></span> <span class='ocrx_word' id='word_1_98' title='bbox 1871 1437 2064 1514; x_wconf 78' lang='grc' dir='ltr'><em>ἕλκος</em></span> <span class='ocrx_word' id='word_1_99' title='bbox 2108 1460 2314 1521; x_wconf 89' lang='grc' dir='ltr'><em>ποιη-</em></span> 
     </span>
     <span class='ocr_line' id='line_1_13' title="bbox 264 1542 2313 1629; baseline 0.001 -22"><span class='ocrx_word' id='word_1_100' title='bbox 264 1545 544 1626; x_wconf 77' lang='grc' dir='ltr'><em>σάμενα,</em></span> <span class='ocrx_word' id='word_1_101' title='bbox 591 1546 835 1626; x_wconf 75' lang='grc' dir='ltr'><em>πάντα,</em></span> <span class='ocrx_word' id='word_1_102' title='bbox 894 1544 979 1627; x_wconf 83' lang='grc' dir='ltr'><em>ἢν</em></span> <span class='ocrx_word' id='word_1_103' title='bbox 1026 1543 1363 1629; x_wconf 77' lang='grc' dir='ltr'><em>ἐμβληθῇ,</em></span> <span class='ocrx_word' id='word_1_104' title='bbox 1425 1545 1728 1608; x_wconf 83' lang='grc' dir='ltr'><em>θᾶνατον</em></span> <span class='ocrx_word' id='word_1_105' title='bbox 1774 1542 1996 1628; x_wconf 85' lang='grc' dir='ltr'><em>φέρει,</em></span> <span class='ocrx_word' id='word_1_106' title='bbox 2054 1546 2142 1628; x_wconf 86' lang='grc' dir='ltr'><em>μὴ</em></span> <span class='ocrx_word' id='word_1_107' title='bbox 2189 1543 2313 1628; x_wconf 79' lang='grc' dir='ltr'><em>ἐμ-</em></span> 
     </span>
     <span class='ocr_line' id='line_1_14' title="bbox 261 1650 2312 1734; baseline 0.001 -21"><span class='ocrx_word' id='word_1_108' title='bbox 261 1653 639 1733; x_wconf 81' lang='grc' dir='ltr'><em>βαλλόμενοι</em></span> <span class='ocrx_word' id='word_1_109' title='bbox 709 1651 783 1714; x_wconf 82' lang='grc' dir='ltr'><em>ὃὲ</em></span> <span class='ocrx_word' id='word_1_110' title='bbox 845 1650 1078 1715; x_wconf 80' lang='grc' dir='ltr'><em>ἐλπίδα</em></span> <span class='ocrx_word' id='word_1_111' title='bbox 1146 1652 1497 1734; x_wconf 82' lang='grc' dir='ltr'><em>σωτηρίης·</em></span> <span class='ocrx_word' id='word_1_112' title='bbox 1575 1651 1873 1733; x_wconf 84' lang='grc' dir='ltr'><em>χώλωσις</em></span> <span class='ocrx_word' id='word_1_113' title='bbox 1937 1651 2012 1714; x_wconf 79' lang='grc' dir='ltr'><em>δὲ</em></span> <span class='ocrx_word' id='word_1_114' title='bbox 2074 1650 2312 1734; x_wconf 80' lang='grc' dir='ltr'><em>ἑτοίμη</em></span> 
     </span>
     <span class='ocr_line' id='line_1_15' title="bbox 261 1753 2313 1842; baseline 0.001 -22"><span class='ocrx_word' id='word_1_115' title='bbox 261 1767 436 1821; x_wconf 90' lang='grc' dir='ltr'><em>τοῖσι</em></span> <span class='ocrx_word' id='word_1_116' title='bbox 481 1756 1073 1842; x_wconf 82' lang='grc' dir='ltr'><em>περιγινομένοισι.</em></span> <span class='ocrx_word' id='word_1_117' title='bbox 1155 1757 1712 1841; x_wconf 79' lang='grc' dir='ltr'><em>θανατωδέστερα</em></span> <span class='ocrx_word' id='word_1_118' title='bbox 1760 1753 1832 1822; x_wconf 74' lang='grc' dir='ltr'><em>δὲ</em></span> <span class='ocrx_word' id='word_1_119' title='bbox 1879 1768 2017 1833; x_wconf 88' lang='grc' dir='ltr'><em>τοῖς</em></span> <span class='ocrx_word' id='word_1_120' title='bbox 2061 1756 2313 1841; x_wconf 80' lang='grc' dir='ltr'><em>ἐμβαλ-</em></span> 
     </span>
     <span class='ocr_line' id='line_1_16' title="bbox 183 1861 2313 1949; baseline 0.001 -22"><span class='ocrx_word' id='word_1_121' title='bbox 183 1888 233 1927; x_wconf 80' lang='lat'><em>15</em></span> <span class='ocrx_word' id='word_1_122' title='bbox 263 1862 566 1947; x_wconf 84' lang='grc' dir='ltr'><em>λομένοις</em></span> <span class='ocrx_word' id='word_1_123' title='bbox 623 1861 807 1928; x_wconf 83' lang='grc' dir='ltr'><em>ἐστὶν</em></span> <span class='ocrx_word' id='word_1_124' title='bbox 861 1865 941 1927; x_wconf 82' lang='grc' dir='ltr'><em>τὰ</em></span> <span class='ocrx_word' id='word_1_125' title='bbox 996 1861 1375 1948; x_wconf 80' lang='grc' dir='ltr'><em>ἐπανώτερα</em></span> <span class='ocrx_word' id='word_1_126' title='bbox 1429 1874 1563 1928; x_wconf 79' lang='grc' dir='ltr'><em>τῶν</em></span> <span class='ocrx_word' id='word_1_127' title='bbox 1610 1864 1917 1948; x_wconf 78' lang='grc' dir='ltr'><em>ἄρθρων,</em></span> <span class='ocrx_word' id='word_1_128' title='bbox 1978 1863 2141 1949; x_wconf 80' lang='grc' dir='ltr'><em>ἀτὰρ</em></span> <span class='ocrx_word' id='word_1_129' title='bbox 2188 1863 2313 1929; x_wconf 82' lang='grc' dir='ltr'><em>καὶ</em></span> 
     </span>
     <span class='ocr_line' id='line_1_17' title="bbox 262 1968 2312 2055; baseline 0.001 -22"><span class='ocrx_word' id='word_1_130' title='bbox 262 1980 435 2034; x_wconf 85' lang='grc' dir='ltr'><em>τοῖσι</em></span> <span class='ocrx_word' id='word_1_131' title='bbox 482 1972 571 2054; x_wconf 84' lang='grc' dir='ltr'><em>μὴ</em></span> <span class='ocrx_word' id='word_1_132' title='bbox 617 1968 1170 2055; x_wconf 80' lang='grc' dir='ltr'><em>ἑμβαλλομένοισι</em></span> <span class='ocrx_word' id='word_1_133' title='bbox 1225 1969 1801 2054; x_wconf 79' lang='grc' dir='ltr'><em>κινδυνωδέστερα</em></span> <span class='ocrx_word' id='word_1_134' title='bbox 1857 1971 2023 2035; x_wconf 84' lang='grc' dir='ltr'><em>αὐτὰ</em></span> <span class='ocrx_word' id='word_1_135' title='bbox 2074 1980 2312 2037; x_wconf 84' lang='grc' dir='ltr'><em>ταῦτα.</em></span> 
     </span>
     <span class='ocr_line' id='line_1_18' title="bbox 154 2073 2314 2163; baseline 0.001 -24"><span class='ocrx_word' id='word_1_136' title='bbox 154 2092 260 2140; x_wconf 80' lang='lat'><em>278</em></span> <span class='ocrx_word' id='word_1_137' title='bbox 283 2077 340 2138; x_wconf 85' lang='grc' dir='ltr'><em>εἰ</em></span> <span class='ocrx_word' id='word_1_138' title='bbox 408 2076 486 2140; x_wconf 82' lang='grc' dir='ltr'><em>δέ</em></span> <span class='ocrx_word' id='word_1_139' title='bbox 535 2100 669 2141; x_wconf 86' lang='grc' dir='ltr'><em>τινι</em></span> <span class='ocrx_word' id='word_1_140' title='bbox 724 2078 805 2140; x_wconf 79' lang='grc' dir='ltr'><em>τὰ</em></span> <span class='ocrx_word' id='word_1_141' title='bbox 867 2076 1169 2141; x_wconf 84' lang='grc' dir='ltr'><em>ἀνώτατα</em></span> <span class='ocrx_word' id='word_1_142' title='bbox 1233 2078 1458 2161; x_wconf 91' lang='grc' dir='ltr'><em>ἄρθρα</em></span> <span class='ocrx_word' id='word_1_143' title='bbox 1524 2073 2045 2163; x_wconf 81' lang='grc' dir='ltr'><em>ἐξαρΙθρήσαντα</em></span> <span class='ocrx_word' id='word_1_144' title='bbox 2109 2075 2314 2154; x_wconf 81' lang='grc' dir='ltr'><em>ἕλκος</em></span> 
     </span>
     <span class='ocr_line' id='line_1_19' title="bbox 261 2180 2315 2267; baseline 0.002 -23"><span class='ocrx_word' id='word_1_145' title='bbox 261 2184 628 2265; x_wconf 86' lang='grc' dir='ltr'><em>ποιήσαντα</em></span> <span class='ocrx_word' id='word_1_146' title='bbox 692 2180 812 2259; x_wconf 82' lang='grc' dir='ltr'><em>ἔξω</em></span> <span class='ocrx_word' id='word_1_147' title='bbox 876 2181 1154 2266; x_wconf 80' lang='grc' dir='ltr'><em>ἐξίσχοι,</em></span> <span class='ocrx_word' id='word_1_148' title='bbox 1226 2193 1433 2247; x_wconf 89' lang='grc' dir='ltr'><em>ταῦτα</em></span> <span class='ocrx_word' id='word_1_149' title='bbox 1507 2181 1593 2247; x_wconf 78' lang='grc' dir='ltr'><em>ἂν</em></span> <span class='ocrx_word' id='word_1_150' title='bbox 1648 2185 1745 2247; x_wconf 81' lang='grc' dir='ltr'><em>ἔτι</em></span> <span class='ocrx_word' id='word_1_151' title='bbox 1808 2181 1919 2246; x_wconf 86' lang='grc' dir='ltr'><em>καὶ</em></span> <span class='ocrx_word' id='word_1_152' title='bbox 1983 2182 2315 2267; x_wconf 80' lang='grc' dir='ltr'><em>ἐμβαλλό-</em></span> 
     </span>
     <span class='ocr_line' id='line_1_20' title="bbox 261 2287 2312 2373; baseline 0.001 -22"><span class='ocrx_word' id='word_1_153' title='bbox 261 2311 429 2370; x_wconf 88' lang='grc' dir='ltr'><em>μενα</em></span> <span class='ocrx_word' id='word_1_154' title='bbox 492 2291 1095 2371; x_wconf 83' lang='grc' dir='ltr'><em>ταχυθανατώτατα</em></span> <span class='ocrx_word' id='word_1_155' title='bbox 1160 2288 1245 2354; x_wconf 78' lang='grc' dir='ltr'><em>ἄν</em></span> <span class='ocrx_word' id='word_1_156' title='bbox 1310 2296 1409 2372; x_wconf 79' lang='grc' dir='ltr'><em>εἴη</em></span> <span class='ocrx_word' id='word_1_157' title='bbox 1426 2340 1443 2373; x_wconf 84' lang='grc'><em>,</em></span> <span class='ocrx_word' id='word_1_158' title='bbox 1515 2287 1623 2353; x_wconf 85' lang='grc' dir='ltr'><em>καὶ</em></span> <span class='ocrx_word' id='word_1_159' title='bbox 1689 2290 1777 2372; x_wconf 84' lang='grc' dir='ltr'><em>μὴ</em></span> <span class='ocrx_word' id='word_1_160' title='bbox 1841 2287 2312 2372; x_wconf 80' lang='grc' dir='ltr'><em>ἐμβαλλόμενα</em></span> 
     </span>
    </p>
   </div>
   <div class='ocr_carea' id='block_1_4' title="bbox 259 2562 2341 3487">
    <p class='ocr_par' dir='ltr' id='par_1_6' title="bbox 259 2562 2313 2850">
     <span class='ocr_line' id='line_1_21' title="bbox 406 2562 2309 2638; baseline 0.001 -16"><span class='ocrx_word' id='word_1_161' title='bbox 406 2575 432 2621; x_wconf 96' lang='grc'><strong>1</strong></span> <span class='ocrx_word' id='word_1_162' title='bbox 465 2567 754 2638; x_wconf 80' lang='grc' dir='ltr'><em>γένηταιΒ</em></span> <span class='ocrx_word' id='word_1_163' title='bbox 827 2562 925 2622; x_wconf 73' lang='grc' dir='ltr'><em>καὶ</em></span> <span class='ocrx_word' id='word_1_164' title='bbox 952 2586 1058 2624; x_wconf 89' lang='lat' dir='ltr'><em>om.</em></span> <span class='ocrx_word' id='word_1_165' title='bbox 1080 2569 1263 2622; x_wconf 80' lang='lat' dir='ltr'><em>MVP</em></span> <span class='ocrx_word' id='word_1_166' title='bbox 1331 2566 1402 2622; x_wconf 72' lang='grc' dir='ltr'><em>ἂν</em></span> <span class='ocrx_word' id='word_1_167' title='bbox 1433 2570 1564 2622; x_wconf 73' lang='lat' dir='ltr'><strong>ante</strong></span> <span class='ocrx_word' id='word_1_168' title='bbox 1592 2568 1759 2622; x_wconf 85' lang='grc' dir='ltr'><em>ἀνωτ.</em></span> <span class='ocrx_word' id='word_1_169' title='bbox 1790 2585 1896 2622; x_wconf 89' lang='lat' dir='ltr'><em>om.</em></span> <span class='ocrx_word' id='word_1_170' title='bbox 1918 2569 2030 2623; x_wconf 90' lang='grc' dir='ltr'><em>ΒΓ</em></span> <span class='ocrx_word' id='word_1_171' title='bbox 2116 2574 2147 2621; x_wconf 92' lang='grc'><strong>2</strong></span> <span class='ocrx_word' id='word_1_172' title='bbox 2190 2565 2309 2623; x_wconf 78' lang='grc' dir='ltr'><em>ὅσα</em></span> 
     </span>
     <span class='ocr_line' id='line_1_22' title="bbox 259 2636 2304 2710; baseline 0.001 -18"><span class='ocrx_word' id='word_1_173' title='bbox 259 2640 311 2692; x_wconf 91' lang='lat' dir='ltr'><strong>V</strong></span> <span class='ocrx_word' id='word_1_174' title='bbox 402 2640 486 2708; x_wconf 77' lang='grc' dir='ltr'><em>ἔηι</em></span> <span class='ocrx_word' id='word_1_175' title='bbox 525 2640 685 2693; x_wconf 87' lang='lat' dir='ltr'>codd.</span> <span class='ocrx_word' id='word_1_176' title='bbox 789 2636 892 2693; x_wconf 81' lang='grc' dir='ltr'><em>ὅσα</em></span> <span class='ocrx_word' id='word_1_177' title='bbox 930 2639 1122 2710; x_wconf 72' lang='grc' dir='ltr'><em>γεὶσχ.</em></span> <span class='ocrx_word' id='word_1_178' title='bbox 1152 2659 1210 2694; x_wconf 83' lang='grc' dir='ltr'><em>τε</em></span> <span class='ocrx_word' id='word_1_179' title='bbox 1248 2640 1284 2707; x_wconf 84' lang='grc' dir='ltr'>ἠ</span> <span class='ocrx_word' id='word_1_180' title='bbox 1313 2643 1367 2692; x_wconf 90' lang='grc' dir='ltr'>Γ</span> <span class='ocrx_word' id='word_1_181' title='bbox 1498 2645 1529 2692; x_wconf 83' lang='grc'><strong>3</strong></span> <span class='ocrx_word' id='word_1_182' title='bbox 1568 2641 1657 2693; x_wconf 80' lang='grc' dir='ltr'><em>ὠλ.</em></span> <span class='ocrx_word' id='word_1_183' title='bbox 1687 2638 1758 2704; x_wconf 83' lang='lat' dir='ltr'><em>N,</em></span> <span class='ocrx_word' id='word_1_184' title='bbox 1799 2640 1875 2693; x_wconf 84' lang='grc' dir='ltr'><em>ὄλ.</em></span> <span class='ocrx_word' id='word_1_185' title='bbox 1907 2639 2056 2709; x_wconf 83' lang='lat' dir='ltr'>vulg.</span> <span class='ocrx_word' id='word_1_186' title='bbox 2158 2644 2304 2708; x_wconf 74' lang='lat' dir='ltr'><strong>post</strong></span> 
     </span>
     <span class='ocr_line' id='line_1_23' title="bbox 260 2707 2311 2780; baseline -0 -16"><span class='ocrx_word' id='word_1_187' title='bbox 260 2719 438 2779; x_wconf 83' lang='grc' dir='ltr'><em>μηροῦ</em></span> <span class='ocrx_word' id='word_1_188' title='bbox 467 2710 594 2764; x_wconf 81' lang='lat' dir='ltr'><strong>add.</strong></span> <span class='ocrx_word' id='word_1_189' title='bbox 624 2711 686 2764; x_wconf 83' lang='grc' dir='ltr'><em>τὸ</em></span> <span class='ocrx_word' id='word_1_190' title='bbox 715 2710 835 2763; x_wconf 86' lang='lat' dir='ltr'><em>MV</em></span> <span class='ocrx_word' id='word_1_191' title='bbox 906 2707 977 2777; x_wconf 80' lang='grc' dir='ltr'><em>ἢν</em></span> <span class='ocrx_word' id='word_1_192' title='bbox 1006 2711 1068 2764; x_wconf 80' lang='grc' dir='ltr'><em>δὲ</em></span> <span class='ocrx_word' id='word_1_193' title='bbox 1101 2753 1111 2763; x_wconf 91' lang='grc'><strong>.</strong></span> <span class='ocrx_word' id='word_1_194' title='bbox 1145 2754 1154 2764; x_wconf 94' lang='grc'><strong>.</strong></span> <span class='ocrx_word' id='word_1_195' title='bbox 1190 2754 1200 2764; x_wconf 94' lang='grc'><strong>.</strong></span> <span class='ocrx_word' id='word_1_196' title='bbox 1233 2707 1506 2779; x_wconf 82' lang='grc' dir='ltr'><em>σωτηρίης</em></span> <span class='ocrx_word' id='word_1_197' title='bbox 1543 2712 1617 2779; x_wconf 88' lang='grc'><em>(8)</em></span> <span class='ocrx_word' id='word_1_198' title='bbox 1656 2727 1763 2763; x_wconf 90' lang='lat' dir='ltr'><em>om.</em></span> <span class='ocrx_word' id='word_1_199' title='bbox 1794 2714 1848 2763; x_wconf 90' lang='grc' dir='ltr'>Γ</span> <span class='ocrx_word' id='word_1_200' title='bbox 1951 2716 1986 2763; x_wconf 83' lang='lat'>4</span> <span class='ocrx_word' id='word_1_201' title='bbox 2023 2709 2141 2780; x_wconf 78' lang='grc' dir='ltr'><em>γόν.</em></span> <span class='ocrx_word' id='word_1_202' title='bbox 2172 2711 2311 2763; x_wconf 86' lang='lat' dir='ltr'><em>MV</em></span> 
     </span>
     <span class='ocr_line' id='line_1_24' title="bbox 262 2779 2313 2850; baseline 0.001 -17"><span class='ocrx_word' id='word_1_203' title='bbox 262 2787 294 2833; x_wconf 84' lang='lat'>6</span> <span class='ocrx_word' id='word_1_204' title='bbox 331 2781 551 2847; x_wconf 83' lang='grc' dir='ltr'><em>ποιήσει</em></span> <span class='ocrx_word' id='word_1_205' title='bbox 588 2790 699 2836; x_wconf 84' lang='grc' dir='ltr'><em>τῶν</em></span> <span class='ocrx_word' id='word_1_206' title='bbox 737 2799 827 2849; x_wconf 89' lang='grc' dir='ltr'><em>πρ.</em></span> <span class='ocrx_word' id='word_1_207' title='bbox 869 2779 1173 2850; x_wconf 85' lang='grc' dir='ltr'><em>εἰρημένων</em></span> <span class='ocrx_word' id='word_1_208' title='bbox 1210 2781 1333 2834; x_wconf 86' lang='lat' dir='ltr'><em>MV</em></span> <span class='ocrx_word' id='word_1_209' title='bbox 1480 2787 1510 2834; x_wconf 83' lang='lat'>7</span> <span class='ocrx_word' id='word_1_210' title='bbox 1558 2781 1738 2835; x_wconf 79' lang='grc' dir='ltr'><em>πουλὺ</em></span> <span class='ocrx_word' id='word_1_211' title='bbox 1774 2781 1835 2833; x_wconf 91' lang='grc' dir='ltr'><strong>Μ</strong></span> <span class='ocrx_word' id='word_1_212' title='bbox 1943 2782 2130 2837; x_wconf 84' lang='grc' dir='ltr'><em>ἀκινδ.</em></span> <span class='ocrx_word' id='word_1_213' title='bbox 2170 2781 2313 2835; x_wconf 86' lang='lat' dir='ltr'><em>MV</em></span> 
     </span>
    </p>

    <p class='ocr_par' dir='ltr' id='par_1_7' title="bbox 260 2851 2341 3487">
     <span class='ocr_line' id='line_1_25' title="bbox 368 2851 2317 2922; baseline 0.001 -17"><span class='ocrx_word' id='word_1_214' title='bbox 368 2856 400 2904; x_wconf 91' lang='lat'>8</span> <span class='ocrx_word' id='word_1_215' title='bbox 439 2853 611 2921; x_wconf 83' lang='grc' dir='ltr'><em>ἀυτης</em></span> <span class='ocrx_word' id='word_1_216' title='bbox 637 2852 682 2905; x_wconf 91' lang='grc' dir='ltr'>Β</span> <span class='ocrx_word' id='word_1_217' title='bbox 802 2858 832 2905; x_wconf 87' lang='grc'><strong>9</strong></span> <span class='ocrx_word' id='word_1_218' title='bbox 873 2852 1049 2915; x_wconf 81' lang='grc' dir='ltr'><em>ὡντος</em></span> <span class='ocrx_word' id='word_1_219' title='bbox 1083 2852 1153 2918; x_wconf 92' lang='grc' dir='ltr'><em>Β,</em></span> <span class='ocrx_word' id='word_1_220' title='bbox 1195 2852 1372 2915; x_wconf 79' lang='grc' dir='ltr'><em>ὡυτὸς</em></span> <span class='ocrx_word' id='word_1_221' title='bbox 1407 2851 1539 2918; x_wconf 79' lang='lat' dir='ltr'><em>VP,</em></span> <span class='ocrx_word' id='word_1_222' title='bbox 1581 2852 1758 2915; x_wconf 81' lang='grc' dir='ltr'><em>ὡυτὸς</em></span> <span class='ocrx_word' id='word_1_223' title='bbox 1793 2851 1853 2904; x_wconf 88' lang='grc' dir='ltr'><em>Μ</em></span> <span class='ocrx_word' id='word_1_224' title='bbox 1965 2858 2031 2905; x_wconf 88' lang='grc'><em>10</em></span> <span class='ocrx_word' id='word_1_225' title='bbox 2079 2851 2317 2922; x_wconf 79' lang='grc' dir='ltr'><em>πήχεως</em></span> 
     </span>
     <span class='ocr_line' id='line_1_26' title="bbox 260 2922 2305 2993; baseline 0.001 -18"><span class='ocrx_word' id='word_1_226' title='bbox 260 2923 441 2975; x_wconf 83' lang='lat' dir='ltr'><em>MVP</em></span> <span class='ocrx_word' id='word_1_227' title='bbox 561 2943 660 2977; x_wconf 80' lang='grc' dir='ltr'><em>του</em></span> <span class='ocrx_word' id='word_1_228' title='bbox 700 2925 831 2976; x_wconf 78' lang='lat' dir='ltr'><strong>ante</strong></span> <span class='ocrx_word' id='word_1_229' title='bbox 869 2924 1025 2993; x_wconf 83' lang='grc' dir='ltr'><em>βραχ.</em></span> <span class='ocrx_word' id='word_1_230' title='bbox 1066 2923 1194 2977; x_wconf 81' lang='lat' dir='ltr'><strong>add.</strong></span> <span class='ocrx_word' id='word_1_231' title='bbox 1233 2923 1403 2991; x_wconf 61' lang='lat' dir='ltr'>vulg„</span> <span class='ocrx_word' id='word_1_232' title='bbox 1443 2940 1548 2976; x_wconf 89' lang='lat' dir='ltr'><em>om.</em></span> <span class='ocrx_word' id='word_1_233' title='bbox 1589 2922 1829 2977; x_wconf 83' lang='lat' dir='ltr'><strong>BMVP</strong></span> <span class='ocrx_word' id='word_1_234' title='bbox 1989 2929 2053 2976; x_wconf 94' lang='grc'><em>11</em></span> <span class='ocrx_word' id='word_1_235' title='bbox 2112 2922 2150 2976; x_wconf 80' lang='grc' dir='ltr'>ἃ</span> <span class='ocrx_word' id='word_1_236' title='bbox 2186 2941 2305 2991; x_wconf 84' lang='lat' dir='ltr'><em>pro</em></span> 
     </span>
     <span class='ocr_line' id='line_1_27' title="bbox 261 2990 2306 3064; baseline 0.001 -18"><span class='ocrx_word' id='word_1_237' title='bbox 261 2990 367 3046; x_wconf 82' lang='grc' dir='ltr'><em>ὅσα</em></span> <span class='ocrx_word' id='word_1_238' title='bbox 402 2993 522 3046; x_wconf 88' lang='lat' dir='ltr'><em>MV</em></span> <span class='ocrx_word' id='word_1_239' title='bbox 659 3000 723 3046; x_wconf 96' lang='grc'><em>12</em></span> <span class='ocrx_word' id='word_1_240' title='bbox 763 2995 946 3064; x_wconf 88' lang='grc' dir='ltr'><em>βληθη</em></span> <span class='ocrx_word' id='word_1_241' title='bbox 985 2994 1030 3045; x_wconf 91' lang='grc' dir='ltr'>Β</span> <span class='ocrx_word' id='word_1_242' title='bbox 1178 3000 1260 3047; x_wconf 93' lang='grc'><em>12.</em></span> <span class='ocrx_word' id='word_1_243' title='bbox 1294 2999 1360 3046; x_wconf 85' lang='grc'><em>13</em></span> <span class='ocrx_word' id='word_1_244' title='bbox 1401 2993 1679 3064; x_wconf 79' lang='grc' dir='ltr'><em>ἐμβληθὲν</em></span> <span class='ocrx_word' id='word_1_245' title='bbox 1716 2993 1838 3046; x_wconf 90' lang='lat' dir='ltr'><em>MV</em></span> <span class='ocrx_word' id='word_1_246' title='bbox 1910 2994 1984 3063; x_wconf 89' lang='grc' dir='ltr'><em>μὴ</em></span> <span class='ocrx_word' id='word_1_247' title='bbox 2023 2994 2306 3064; x_wconf 77' lang='grc' dir='ltr'><em>ἐμβαλλό-</em></span> 
     </span>
     <span class='ocr_line' id='line_1_28' title="bbox 260 3062 2341 3135; baseline 0.001 -18"><span class='ocrx_word' id='word_1_248' title='bbox 260 3083 402 3132; x_wconf 83' lang='grc' dir='ltr'><em>μενα</em></span> <span class='ocrx_word' id='word_1_249' title='bbox 434 3107 443 3116; x_wconf 95' lang='grc'><em>.</em></span> <span class='ocrx_word' id='word_1_250' title='bbox 478 3108 487 3117; x_wconf 95' lang='grc'><em>.</em></span> <span class='ocrx_word' id='word_1_251' title='bbox 521 3109 530 3118; x_wconf 92' lang='grc'><em>.</em></span> <span class='ocrx_word' id='word_1_252' title='bbox 564 3063 842 3134; x_wconf 80' lang='grc' dir='ltr'><em>φαρμάκῳ</em></span> <span class='ocrx_word' id='word_1_253' title='bbox 880 3068 952 3132; x_wconf 88' lang='lat' dir='ltr'><em>(p.</em></span> <span class='ocrx_word' id='word_1_254' title='bbox 986 3070 1106 3130; x_wconf 84' lang='lat'><em>219,</em></span> <span class='ocrx_word' id='word_1_255' title='bbox 1132 3068 1216 3135; x_wconf 85' lang='lat'><em>14)</em></span> <span class='ocrx_word' id='word_1_256' title='bbox 1256 3082 1364 3118; x_wconf 90' lang='lat' dir='ltr'><em>om.</em></span> <span class='ocrx_word' id='word_1_257' title='bbox 1396 3068 1448 3118; x_wconf 88' lang='grc' dir='ltr'><em>Γ</em></span> <span class='ocrx_word' id='word_1_258' title='bbox 1554 3070 1619 3117; x_wconf 83' lang='lat'><em>13</em></span> <span class='ocrx_word' id='word_1_259' title='bbox 1668 3065 1822 3128; x_wconf 76' lang='grc' dir='ltr'><em>ἐλπὶς</em></span> <span class='ocrx_word' id='word_1_260' title='bbox 1859 3064 1904 3115; x_wconf 89' lang='grc' dir='ltr'>Β</span> <span class='ocrx_word' id='word_1_261' title='bbox 2015 3062 2341 3133; x_wconf 76' lang='grc' dir='ltr'><em>σωτηρίας·</em></span> 
     </span>
     <span class='ocr_line' id='line_1_29' title="bbox 260 3132 2306 3204; baseline 0.002 -17"><span class='ocrx_word' id='word_1_262' title='bbox 260 3134 313 3187; x_wconf 90' lang='lat' dir='ltr'><strong>V</strong></span> <span class='ocrx_word' id='word_1_263' title='bbox 420 3132 606 3204; x_wconf 78' lang='grc' dir='ltr'><em>ἑτοίμη</em></span> <span class='ocrx_word' id='word_1_264' title='bbox 647 3153 752 3189; x_wconf 87' lang='lat' dir='ltr'><em>om.</em></span> <span class='ocrx_word' id='word_1_265' title='bbox 791 3135 911 3188; x_wconf 87' lang='lat' dir='ltr'><em>MV</em></span> <span class='ocrx_word' id='word_1_266' title='bbox 1057 3140 1124 3188; x_wconf 86' lang='lat'><em>14</em></span> <span class='ocrx_word' id='word_1_267' title='bbox 1159 3155 1476 3204; x_wconf 80' lang='grc' dir='ltr'><em>περιγενομ.</em></span> <span class='ocrx_word' id='word_1_268' title='bbox 1514 3135 1566 3187; x_wconf 91' lang='lat' dir='ltr'><strong>V</strong></span> <span class='ocrx_word' id='word_1_269' title='bbox 1673 3137 2007 3199; x_wconf 75' lang='grc' dir='ltr'><em>θανατωδες</em></span> <span class='ocrx_word' id='word_1_270' title='bbox 2042 3155 2149 3204; x_wconf 79' lang='grc' dir='ltr'><em>γαρ</em></span> <span class='ocrx_word' id='word_1_271' title='bbox 2190 3156 2306 3191; x_wconf 80' lang='grc' dir='ltr'><em>ατε</em></span> 
     </span>
     <span class='ocr_line' id='line_1_30' title="bbox 260 3204 2214 3277; baseline 0.002 -20"><span class='ocrx_word' id='word_1_272' title='bbox 260 3224 378 3266; x_wconf 84' lang='grc' dir='ltr'><em>τοις</em></span> <span class='ocrx_word' id='word_1_273' title='bbox 414 3205 459 3257; x_wconf 94' lang='grc' dir='ltr'>Β</span> <span class='ocrx_word' id='word_1_274' title='bbox 589 3211 670 3259; x_wconf 87' lang='lat'><em>14.</em></span> <span class='ocrx_word' id='word_1_275' title='bbox 705 3212 770 3259; x_wconf 82' lang='lat'><em>15</em></span> <span class='ocrx_word' id='word_1_276' title='bbox 808 3215 988 3260; x_wconf 86' lang='grc' dir='ltr'><em>τοῖσιν</em></span> <span class='ocrx_word' id='word_1_277' title='bbox 1026 3210 1080 3274; x_wconf 87' lang='grc' dir='ltr'><em>(ν</em></span> <span class='ocrx_word' id='word_1_278' title='bbox 1109 3207 1238 3260; x_wconf 81' lang='lat' dir='ltr'><strong>add.</strong></span> <span class='ocrx_word' id='word_1_279' title='bbox 1268 3206 1376 3275; x_wconf 79' lang='grc' dir='ltr'><em>Μ’)</em></span> <span class='ocrx_word' id='word_1_280' title='bbox 1418 3204 1909 3277; x_wconf 77' lang='grc' dir='ltr'><em>ἐμβαλλομένοισιν</em></span> <span class='ocrx_word' id='word_1_281' title='bbox 1948 3207 2063 3260; x_wconf 77' lang='grc' dir='ltr'><em>ἐστι</em></span> <span class='ocrx_word' id='word_1_282' title='bbox 2091 3206 2214 3260; x_wconf 85' lang='lat' dir='ltr'><em>MV</em></span> 
     </span>
     <span class='ocr_line' id='line_1_31' title="bbox 265 3274 2315 3346; baseline 0.003 -20"><span class='ocrx_word' id='word_1_283' title='bbox 265 3279 330 3326; x_wconf 80' lang='lat'><em>15</em></span> <span class='ocrx_word' id='word_1_284' title='bbox 369 3274 626 3342; x_wconf 84' lang='grc' dir='ltr'><em>ἀνωτέρω</em></span> <span class='ocrx_word' id='word_1_285' title='bbox 664 3293 766 3343; x_wconf 85' lang='lat' dir='ltr'><em>pro</em></span> <span class='ocrx_word' id='word_1_286' title='bbox 806 3277 965 3330; x_wconf 81' lang='grc' dir='ltr'><em>ἐπαν.</em></span> <span class='ocrx_word' id='word_1_287' title='bbox 1003 3277 1123 3330; x_wconf 90' lang='lat' dir='ltr'><em>MV</em></span> <span class='ocrx_word' id='word_1_288' title='bbox 1270 3283 1337 3330; x_wconf 88' lang='grc'><em>16</em></span> <span class='ocrx_word' id='word_1_289' title='bbox 1374 3285 1551 3330; x_wconf 86' lang='grc' dir='ltr'><em>τοῖσιν</em></span> <span class='ocrx_word' id='word_1_290' title='bbox 1588 3276 1641 3329; x_wconf 92' lang='lat' dir='ltr'><strong>V</strong></span> <span class='ocrx_word' id='word_1_291' title='bbox 1747 3277 1821 3346; x_wconf 89' lang='grc' dir='ltr'><em>μὴ</em></span> <span class='ocrx_word' id='word_1_292' title='bbox 1858 3295 1965 3331; x_wconf 89' lang='lat' dir='ltr'><em>om.</em></span> <span class='ocrx_word' id='word_1_293' title='bbox 2006 3277 2125 3330; x_wconf 86' lang='lat' dir='ltr'><em>MV</em></span> <span class='ocrx_word' id='word_1_294' title='bbox 2241 3280 2315 3333; x_wconf 77' lang='grc' dir='ltr'><em>δὲ</em></span> 
     </span>
     <span class='ocr_line' id='line_1_32' title="bbox 262 3344 2156 3417; baseline 0.002 -21"><span class='ocrx_word' id='word_1_295' title='bbox 262 3361 365 3412; x_wconf 85' lang='lat' dir='ltr'><em>pro</em></span> <span class='ocrx_word' id='word_1_296' title='bbox 406 3344 552 3397; x_wconf 79' lang='grc' dir='ltr'><em>αὐτὰ</em></span> <span class='ocrx_word' id='word_1_297' title='bbox 587 3345 632 3397; x_wconf 94' lang='grc' dir='ltr'>Β</span> <span class='ocrx_word' id='word_1_298' title='bbox 781 3352 846 3398; x_wconf 84' lang='grc'><em>17</em></span> <span class='ocrx_word' id='word_1_299' title='bbox 894 3368 1022 3400; x_wconf 84' lang='grc' dir='ltr'><em>τινα</em></span> <span class='ocrx_word' id='word_1_300' title='bbox 1061 3347 1111 3400; x_wconf 92' lang='lat' dir='ltr'><strong>V</strong></span> <span class='ocrx_word' id='word_1_301' title='bbox 1228 3348 1348 3402; x_wconf 90' lang='grc' dir='ltr'><em>ἄνω</em></span> <span class='ocrx_word' id='word_1_302' title='bbox 1385 3357 1563 3402; x_wconf 85' lang='grc' dir='ltr'><em>ταῦτα</em></span> <span class='ocrx_word' id='word_1_303' title='bbox 1599 3366 1702 3417; x_wconf 87' lang='lat' dir='ltr'><em>pro</em></span> <span class='ocrx_word' id='word_1_304' title='bbox 1741 3348 1830 3401; x_wconf 91' lang='grc' dir='ltr'><em>ἄν.</em></span> <span class='ocrx_word' id='word_1_305' title='bbox 1873 3348 2067 3416; x_wconf 84' lang='grc' dir='ltr'><em>ἄρθρα</em></span> <span class='ocrx_word' id='word_1_306' title='bbox 2106 3346 2156 3400; x_wconf 90' lang='lat' dir='ltr'><strong>V</strong></span> 
     </span>
     <span class='ocr_line' id='line_1_33' title="bbox 267 3414 2313 3487; baseline 0.003 -20"><span class='ocrx_word' id='word_1_307' title='bbox 267 3420 332 3467; x_wconf 92' lang='lat'><em>18</em></span> <span class='ocrx_word' id='word_1_308' title='bbox 382 3414 481 3477; x_wconf 77' lang='grc' dir='ltr'><em>ἔξω</em></span> <span class='ocrx_word' id='word_1_309' title='bbox 529 3432 636 3468; x_wconf 90' lang='lat' dir='ltr'><em>om.</em></span> <span class='ocrx_word' id='word_1_310' title='bbox 685 3415 808 3469; x_wconf 91' lang='lat' dir='ltr'><em>MV</em></span> <span class='ocrx_word' id='word_1_311' title='bbox 937 3415 1163 3487; x_wconf 77' lang='grc' dir='ltr'><em>ἐξίσχοι,</em></span> <span class='ocrx_word' id='word_1_312' title='bbox 1221 3438 1275 3472; x_wconf 91' lang='grc' dir='ltr'><em>οι</em></span> <span class='ocrx_word' id='word_1_313' title='bbox 1323 3419 1381 3471; x_wconf 89' lang='lat' dir='ltr'><em>in</em></span> <span class='ocrx_word' id='word_1_314' title='bbox 1427 3435 1554 3472; x_wconf 81' lang='lat' dir='ltr'><strong>raso</strong></span> <span class='ocrx_word' id='word_1_315' title='bbox 1591 3418 1742 3485; x_wconf 79' lang='lat' dir='ltr'>loco&#39;,</span> <span class='ocrx_word' id='word_1_316' title='bbox 1782 3419 1840 3471; x_wconf 90' lang='lat' dir='ltr'><strong>M</strong></span> <span class='ocrx_word' id='word_1_317' title='bbox 1985 3417 2050 3473; x_wconf 83' lang='grc' dir='ltr'><em>δέ</em></span> <span class='ocrx_word' id='word_1_318' title='bbox 2094 3438 2147 3471; x_wconf 84' lang='grc' dir='ltr'><em>τι</em></span> <span class='ocrx_word' id='word_1_319' title='bbox 2193 3436 2313 3487; x_wconf 88' lang='lat' dir='ltr'><em>pro</em></span> 
     </span>
    </p>
   </div>
   <div class='ocr_carea' id='block_1_5' title="bbox 269 3481 2311 3606">
    <p class='ocr_par' dir='ltr' id='par_1_8' title="bbox 269 3481 2311 3606">
     <span class='ocr_line' id='line_1_34' title="bbox 269 3481 2311 3606; baseline 0.004 -70"><span class='ocrx_word' id='word_1_320' title='bbox 269 3481 341 3605; x_wconf 60' lang='grc' dir='ltr'><em>ἓν</em></span> <span class='ocrx_word' id='word_1_321' title='bbox 382 3484 586 3606; x_wconf 37' lang='lat' dir='ltr'><em>gay,</em></span> <span class='ocrx_word' id='word_1_322' title='bbox 645 3483 702 3537; x_wconf 82' lang='grc' dir='ltr'><em>δ’</em></span> <span class='ocrx_word' id='word_1_323' title='bbox 746 3485 825 3538; x_wconf 80' lang='grc' dir='ltr'><em>ἔτι</em></span> <span class='ocrx_word' id='word_1_324' title='bbox 861 3486 912 3538; x_wconf 88' lang='lat' dir='ltr'><strong>V</strong></span> <span class='ocrx_word' id='word_1_325' title='bbox 1093 3494 1158 3541; x_wconf 90' lang='lat'><em>19</em></span> <span class='ocrx_word' id='word_1_326' title='bbox 1207 3491 1658 3560; x_wconf 82' lang='grc' dir='ltr'><em>ταχυθανατώτα</em></span> <span class='ocrx_word' id='word_1_327' title='bbox 1704 3490 1749 3543; x_wconf 92' lang='grc' dir='ltr'>Β</span> <span class='ocrx_word' id='word_1_328' title='bbox 1897 3488 1970 3543; x_wconf 73' lang='grc' dir='ltr'><em>ἄν</em></span> <span class='ocrx_word' id='word_1_329' title='bbox 2006 3492 2138 3558; x_wconf 80' lang='lat' dir='ltr'><strong>post</strong></span> <span class='ocrx_word' id='word_1_330' title='bbox 2172 3508 2311 3561; x_wconf 78' lang='grc' dir='ltr'><em>ταχ-</em></span> 
     </span>
     <span class='ocr_line' id='line_1_35' title="bbox 302 3571 375 3604; baseline -0.014 0"><span class='ocrx_word' id='word_1_331' title='bbox 302 3571 375 3604; x_wconf 91' lang='lat' dir='ltr'><em>m.</em></span> 
     </span>
    </p>
   </div>
  </div>
 </body>
</html>
