2588 3876
755 189 928 238 ΠΕΡΙ
963 188 1257 240 ΑΡΘΡῼΝ
1294 189 1652 238 ΕΜΒΟΛΗΣ
1694 192 1767 238 72>
2135 186 2264 248 229

246 354 404 411 σθαι
466 349 555 424 ὡς
614 343 937 424 καπέτους
991 350 1242 432 μακρὰς
1302 347 1496 413 πέντε
1549 347 1590 430 ἢ
1646 346 1743 431 ἕξ,
1801 349 2267 423 διαλειπούσας

243 452 347 518 ἀπ’
401 453 708 536 ἀλλήλων
764 455 852 530 ὡς
906 454 1227 538 τέσσαρας
1282 455 1683 536 δακτύλους,
1757 455 1960 530 αὐτὰς
2015 451 2089 518 δὲ
2152 453 2266 538 ἀρ-

241 558 413 624 κέσει
443 557 637 645 εὖρος
675 561 1154 645 τριδακτύλους
1191 557 1363 625 εἶναι
1400 559 1510 625 καὶ
1547 562 1763 644 βάθος
1800 561 2027 637 οὕτως.
2091 559 2267 643 ἔχειν

242 663 312 730 δὲ
357 668 521 731 κατὰ
566 665 771 750 μέσον
816 669 890 731 τὸ
938 664 1141 743 ξύλον
1185 666 1296 732 καὶ
1342 669 1774 751 καταγλυφὴν
1811 669 1935 753 χρὴ
1979 666 2266 750 βαθυτέ-

242 786 365 855 ’ρην
410 770 517 837 ἐπὶ
564 774 986 856 τετράγωνον
1032 774 1121 849 ὡς
1166 784 1371 858 τριῶν
1418 774 1796 857 δακτύλων,
1854 773 1964 838 καὶ
2021 772 2088 850 ἐς
2142 774 2265 856 μὲν
2320 798 2343 838 5

240 880 357 961 τὴν
400 881 837 963 καταγλυφὴν
882 880 1160 962 ταύτην,
1218 880 1379 944 ὅταν
1435 880 1598 964 δοκῇ
1653 881 2005 964 προσδεῖν,
2062 878 2266 957 ξύλον

241 982 651 1068 ἐμπηγνύναι
681 984 1045 1069 ἐναρμόζον
1073 996 1151 1070 τῇ
1180 991 1598 1071 καταγλυφῇ,
1642 988 1715 1050 τὸ
1746 983 1820 1050 δὲ
1857 987 1993 1050 ἄνω
2033 1005 2265 1071 στρογ-

239 1092 477 1173 γύλον·
546 1089 960 1174 ἐμπηγνύναι
1026 1091 1132 1173 δέ,
1198 1090 1365 1174 ἐπήν
1428 1113 1587 1155 ποτε
1649 1092 1809 1176 δοκῇ
1877 1091 2265 1175 συμφέρειν,

238 1200 489 1281 μεσηγὺ
553 1207 674 1261 τοῦ
738 1196 1050 1281 περινέου
1113 1196 1222 1261 καὶ
1297 1207 1411 1279 τῆς
1483 1201 1773 1282 κεφαλῆς
1845 1206 1964 1260 τοῦ
2029 1207 2262 1281 μηροῦ.

238 1313 436 1368 τοῦτο
481 1305 555 1368 τὸ
603 1301 810 1381 ξύλον
856 1301 1073 1379 ἑστεὸς
1110 1302 1355 1368 κωλύει
1392 1307 1514 1389 τὴν
1552 1303 1855 1369 ἐπίδοσιν
1893 1302 2264 1367 ἐπιδιδόναι
2295 1331 2346 1368 1ο

237 1412 309 1474 τὸ
357 1421 545 1494 σῶμα
588 1421 763 1476 τοῖσι
801 1412 966 1495 πρὸς
1002 1412 1232 1475 ποδῶν
1268 1410 1606 1475 ἕλκουσιν·
1669 1410 1879 1476 ἐνίοτε
1917 1412 2042 1495 γὰρ
2081 1409 2266 1494 ἀρκεῖ

238 1517 395 1581 αὐτὸ
443 1519 518 1581 τὸ
568 1514 772 1594 ξύλον
818 1526 1014 1581 τοῦτο
1056 1515 1202 1580 ἀντὶ
1239 1526 1356 1598 τῆς
1393 1518 1662 1581 ἄνωθεν
1699 1518 2262 1592 ἀντικατατοὲσιος·

236 1620 449 1688 ἐνίοτε
508 1623 583 1687 δὲ
636 1622 747 1688 καὶ
802 1622 1353 1705 κατατεινομένου
1410 1632 1530 1686 τοῦ
1587 1623 1851 1699 σκέλεος
1905 1620 2110 1688 ἔνθεν
2155 1621 2263 1686 καὶ

234 1726 441 1793 ἔνθεν
488 1729 649 1793 αὐτὸ
696 1731 770 1794 τὸ
828 1727 1032 1807 ξύλον
1078 1738 1275 1793 τοῦτο
1333 1730 1625 1812 χαλαρὸν
1670 1728 2053 1811 ἐγκείμενον
2098 1728 2138 1810 ἢ
2186 1739 2263 1814 τῇ

233 1836 272 1919 ἢ
318 1845 397 1921 τῇ
446 1833 872 1920 ἐκμοχλεύειν
917 1835 1294 1919 ἐπιτήδειον
1340 1834 1423 1899 ἂν
1469 1836 1567 1918 εἴη
1625 1836 1746 1918 τὴν
1799 1837 2096 1919 κεφαλὴν
2142 1845 2262 1899 τοῦ
2295 1860 2344 1898 15

231 1952 452 2027 mqpm']
501 1941 568 2018 ἐς
614 1944 688 2008 τὸ
736 1938 857 2021 ἔξω
906 1936 1120 2029 μέρος.
1212 1943 1325 2007 διὰ
1381 1951 1578 2007 τοῦτο
1628 1943 1751 2028 γὰρ
1800 1940 1909 2006 καὶ
1957 1944 2024 2007 αἱ
2070 1943 2264 2007 κᾶπε-

230 2073 333 2114 τοι
383 2047 830 2132 ἑντετμέαται,
886 2051 1002 2131 ὡς,
1058 2048 1213 2113 καθ’
1268 2049 1510 2132 ὁποίην
1555 2048 1640 2113 ἂν
1687 2048 1940 2114 αὐτέων
1987 2048 2263 2134 ἁρμόσῃ,

234 2154 728 2238 ἐμβαλλόμενος
792 2152 1059 2231 ξύλινος
1121 2156 1365 2238 μοχλὸς
1427 2153 1741 2240 μοχλεύοι
1806 2155 1845 2239 ἢ
1911 2158 2086 2241 παρὰ
2149 2158 2264 2233 τὰς

230 2262 525 2345 κεφαλὰς
570 2272 705 2325 τῶν
742 2246 1020 2344 ἄρθρων
1068 2261 1106 2344 ἢ
1153 2263 1315 2325 κατὰ
1352 2263 1466 2337 τὰς
1505 2263 1791 2345 κεφαλὰς
1829 2262 2063 2339 τελέως
2100 2262 2264 2346 ἐρει-

381 2493 407 2539 1
452 2486 633 2555 ὥσπερ
671 2507 802 2542 καπ.
843 2489 946 2557 ΑΡ.
1059 2486 1092 2556 ἢ
1130 2508 1186 2542 π.
1231 2486 1257 2506 ’““
1227 2490 1403 2557 ηΑΡ.
1526 2495 1555 2540 2
1597 2489 1670 2550 ὡς
1707 2505 1812 2542 0111.
1844 2488 1963 2541 MV
2036 2489 2178 2542 αὐτὰ
2216 2488 2261 2541 Β

304 2565 353 2611 2.
386 2564 419 2610 3
459 2559 516 2611 δι
539 2579 575 2611 α
579 2557 761 2626 ρκέειν
789 2558 872 2625 Μ,
912 2558 1193 2628 διαρκέειν
1222 2559 1273 2613 V
1310 2576 1411 2627 pro
1451 2558 1513 2613 δὲ
1561 2558 1782 2626 ἀρκέσει
1830 2558 1943 2628 (Β),
1992 2559 2053 2613 δὲ
2103 2560 2267 2627 ἀρκεῖ

230 2630 366 2697 ΑΡ.,
416 2628 478 2682 δὲ
516 2628 704 2697 ἀρκέει
742 2633 795 2682 Γ
823 2630 971 2700 vulg.
1120 2636 1151 2683 3
1202 2640 1350 2698 τρεῖς
1396 2632 1550 2684 δακτ.
1594 2633 1645 2683 Γ
1785 2638 1818 2683 4
1865 2630 1968 2701 χρὴ
2009 2646 2113 2682 om
2154 2631 2259 2698 Ap.

305 2705 337 2752 5
379 2700 458 2753 ἔτι
492 2716 597 2768 pro
635 2700 727 2754 ἐπὶ
772 2702 876 2769 Ap
1025 2706 1055 2753 6
1104 2700 1271 2770 ὃοκέη
1310 2701 1370 2754 in
1415 2717 1542 2754 raso
1587 2701 1711 2754 loco
1749 2700 1823 2753 13²
1967 2698 2148 2754 δοκέει
2198 2704 2261 2766 Γ,

231 2769 357 2838 δέηι
396 2769 479 2836 Μ,
492 2718 618 2838 Ρδέη
657 2770 724 2836 V,
774 2788 879 2824 om.
919 2772 1022 2840 Ap.
1138 2773 1326 2841 ἐνπηγ.
1367 2773 1478 2836 ξύλ.
1523 2776 1574 2825 Γ
1714 2778 1742 2825 7
1793 2773 2159 2841 ἐμπιγνυνται
2196 2771 2261 2840 Β,

230 2849 432 2896 -νῢναι
468 2840 543 2907 V,
601 2842 954 2924 ἐνπηγνυντα
999 2844 1103 2911 ΑΡ.
1249 2793 1558 2912 ἐναρμόσον
1609 2843 1798 2912 BAp.,
1857 2860 2016 2897 -σσον
2065 2846 2118 2894 Γ

231 2917 263 2963 8
303 2914 436 2981 post
473 2911 614 2981 ἐπὴν
654 2912 900 2981 spatium
937 2914 1110 2966 trium
1144 2913 1254 2967 litt.
1296 2914 1342 2966 B
1461 2932 1838 2984 ενπηγνυνται
1877 2912 2054 2983 (nulla
2091 2913 2261 2966 inter-

230 2982 537 3050 punctione
596 2984 986 3052 praecedente)
1051 2985 1126 3048 ὡς
1179 2984 1251 3039 ἄν
1315 3003 1450 3038 ποτε
1513 2985 1616 3054 Ap.
1774 2984 1957 3039 δοκέει
2011 2988 2090 3050 Γ,
2165 2993 2262 3075 -κῇ

416 3052 505 3122 -έη
552 3053 650 3107 rel.
799 3054 964 3123 ξυμφ.
1024 3055 1183 3108 codd
1371 3060 1401 3108 9
1459 3063 1558 3109 τοῦ
1607 3073 1712 3109 0111.
1773 3059 1826 3108 Γ
1962 3054 2262 3124 περιναίου

235 3124 393 3193 ΓΑΡ.
552 3130 618 3177 10
671 3134 836 3178 τοῦτο
868 3169 876 3177 .
912 3168 921 3178 .
956 3168 964 3178 .
998 3125 1100 3179 ἔσω
1141 3130 1212 3195 (p.
1247 3132 1376 3193 230,
1407 3129 1459 3195 2)
1498 3143 1603 3180 om.
1647 3129 1699 3179 Γ
1818 3144 1995 3180 εσται·
2045 3127 2120 3189 ὡς
2155 3148 2261 3180 κω-

231 3198 383 3248 λυσει
420 3195 522 3263 ΑΡ.
683 3202 744 3248 11
800 3195 1017 3250 ἕλκουσι
1052 3196 1098 3248 Β
1217 3196 1409 3264 ἀρκέοι
1446 3197 1516 3263 Β,
1575 3195 1872 3265 ἀρκέσοι
1840 3218 1912 3251 αν
1951 3197 2000 3249 Α
2122 3196 2261 3251 -κέει

232 3267 553 3318 0411112
594 3287 750 3327 αντις
786 3283 886 3335 pro
924 3268 1052 3321 ἀντὶ
1087 3274 1187 3335 τῆς
1223 3267 1268 3319 Β
1418 3274 1482 3321 13
1521 3267 1961 3357 κατατεινομένη)
2000 3216 2159 3335 ΒΑΡ.

230 3344 332 3389 τοῦ
370 3353 451 3389 σκ.
494 3352 598 3389 0111.
639 3337 741 3406 Ap.
901 3343 1081 3390 14.15
1120 3357 1180 3391 εν
1216 3359 1282 3407 τη
1324 3345 1479 3406 ρωπῆ
1518 3356 1619 3407 pro
1657 3336 1693 3407 ἢ
1730 3347 1797 3409 τῇ
1837 3336 1871 3406 ἢ
1907 3347 1974 3407 τῇ
2012 3341 2115 3406 ΑΡ.

234 3412 415 3460 16.17
455 3426 813 3461 καιεκαπετοι
851 3408 1224 3478 ἑντετμεαντε·
1264 3409 1311 3461 Β
1439 3408 1629 3478 ἐντέτμ
1591 3429 1793 3479 μηνται
1831 3408 2063 3476 MVAp.
2176 3406 2255 3461 ὀκ.

234 3477 393 3531 codd.
544 3483 609 3531 18
649 3478 678 3532 ὃ
717 3479 826 3543 ξυλ.
866 3480 970 3548 Ap.
1091 3480 1346 3550 μοχλεύει
1374 3479 1629 3548 ΒΜΑΡ.,
1669 3501 1731 3550 -η
1762 3478 1836 3546 V,
1885 3500 1965 3532 -οι
2002 3478 2149 3546 vulg.

236 3551 300 3599 19
339 3568 376 3617 η
414 3549 558 3602 κατὰ
594 3548 696 3612 τὰς
732 3568 855 3617 κεφ.
894 3554 996 3603 τελ.
1038 3553 1143 3604 0111.
1184 3551 1288 3618 Ap.
