2588 3876
383 110 512 174 144
698 113 874 164 ΠΕΡΙ
907 112 1200 165 ΑΡΘΡΩΝ
1234 114 1597 165 ΕΜΒΟΑΗΣ
1634 115 1718 164 23.
1759 116 1841 163 24.
1885 114 1968 164 25.
2009 115 2079 162 26

511 272 616 338 23.
688 275 782 340 Τὰ
826 270 948 355 μὲν
985 275 1271 348 ὄπισθεν
1308 272 1620 360 ἐξαίφνης
1656 272 2032 340 ἐκτείνοντα
2069 275 2413 358 διορθοῦν

376 390 514 457 τοῖς
557 379 886 467 θέναρσιν
931 381 1064 463 ἅμα
1108 378 1239 466 [δὲ]
1288 382 1392 447 δεῖ
1445 379 1520 446 ἐν
1571 390 1651 467 τῇ
1699 380 2061 467 διορθώσει
2107 381 2218 445 καὶ
2264 388 2412 457 τοῖς

272 507 374 557 136
391 485 655 573 ἑτέροις.
745 488 829 572 ἢν
875 485 933 553 δ’
993 488 1002 572 Ι
1050 485 1464 573 ἔμπροσθεν,
1517 487 1688 573 ἀμφὶ
1733 488 2014 554 ὀθόνιον
2068 492 2412 571 συνειλιγ-

375 592 581 675 με’νον
625 594 908 678 εὔογκον
954 595 1464 678 συγκάμπτοντα
1508 595 1640 676 ἅμα
1685 597 2036 681 διορθοῦν.

320 728 349 772 5
512 702 617 767 24.
667 697 800 766 Ἢν
846 697 921 766 δὲ
966 699 1375 788 ἑτεροκλινὲς
1417 695 1492 790 ᾗ,
1536 700 1612 768 ἐν
1654 711 1735 788 τῇ
1782 702 2145 787 διορθώσει
2191 700 2413 785 ἀμφό-

375 830 532 894 τερα
576 808 709 890 ἅμα
753 810 875 895 χρὴ
930 818 1167 874 ποιεῖν.
1254 818 1373 892 τῆς
1427 804 1502 874 δὲ
1554 806 1824 892 μελέτης
1875 817 1992 892 τῆς
2043 811 2414 894 θεραπείης

375 915 609 979 κοινὸν
652 914 764 980 καὶ
807 916 882 980 τὸ
929 925 1145 999 σχῆμα
1189 915 1300 981 καὶ
1344 916 1386 1000 ἡ
1441 913 1746 992 ἐπίδεσις.
1837 914 2118 980 δύναται
2172 911 2249 980 δὲ
2294 916 2415 980 καὶ

377 1018 451 1085 ἐκ
494 1031 610 1105 τῆς
655 1022 993 1099 διατάσιος
1036 1031 1227 1108 κοινῇ
1275 1023 1992 1108 συμπίπτεινᾶπαντα.

510 1127 615 1193 25.
688 1133 840 1196 Τῶν
899 1125 975 1195 δὲ
1036 1127 1372 1213 ἐμβολέων
1435 1130 1504 1194 αἱ
1567 1125 1690 1210 μὲν
1752 1126 1819 1206 ἐξ
1878 1128 2416 1215 ὑπεραιωρήσιος

298 1263 351 1304 10
378 1232 843 1320 ἐμβάλλονται,
891 1237 960 1301 αἱ
1008 1232 1081 1300 δὲ
1127 1234 1201 1301 ἐκ
1243 1236 1663 1319 κατατάσιος,
1707 1236 1776 1300 αἱ
1814 1232 1888 1300 δὲ
1924 1233 1998 1300 ἐκ
2035 1236 2418 1321 ’περισφάλ-

377 1358 550 1418 σιος·
610 1336 805 1407 αὗται
852 1339 926 1407 δὲ
981 1340 1054 1407 ἐκ
1098 1353 1234 1408 τῶν
1285 1341 1713 1428 ὑπερβολέων
1765 1352 1900 1408 τῶν
1956 1341 2312 1426 σχημάτων
2369 1343 2414 1427 ἢ

375 1456 454 1533 τῇ
500 1448 543 1531 ἢ
585 1457 665 1534 τῇ
713 1451 841 1513 σὺν
885 1456 977 1538 τῷ
1014 1449 1213 1534 τάχει.

510 1555 616 1620 26.
680 1555 919 1641 Χειρὸς
955 1551 1031 1621 δὲ
1068 1557 1331 1642 ἄρθρον
1369 1555 1716 1621 ὀλισθάνει
1752 1555 1793 1640 ἢ
1830 1557 1958 1620 ἔσω
1996 1555 2037 1640 ἢ
2073 1552 2228 1640 ἔξω,
2280 1558 2412 1621 ἔσω

378 1657 452 1726 δὲ
496 1663 577 1726 τὰ
618 1667 912 1727 πλεῖστα.
1001 1673 1236 1747 σημεῖα
1291 1660 1351 1727 δ’
1398 1663 1675 1746 εὔσημα·
1731 1663 1815 1747 ἢν
1859 1658 1983 1746 μὲν
2029 1659 2189 1744 ἔσω,
2248 1678 2417 1745 συγ-

300 1795 350 1838 15
379 1769 696 1853 κάμπτειν
741 1770 897 1845 τοὺς
933 1770 1303 1846 δακτύλους
1349 1769 1429 1834 οὐ
1478 1769 1830 1853 δύνανται,
1878 1769 1963 1853 ἢν
2000 1764 2075 1833 δὲ
2112 1766 2258 1853 ἔξω,
2307 1766 2432 1833 ἐκ-’

378 1878 637 1942 τείνειν.
743 1874 987 1960 ἐμβολὴ
1048 1874 1149 1941 δέ·
1209 1872 1378 1963 ὑπὲρ
1438 1874 1754 1963 τραπέζης
1814 1876 1972 1952 τοὺς
2036 1875 2417 1953 δακτύλους

378 1984 547 2066 ἔχων
613 1984 769 2059 τοὺς
836 1979 960 2065 μὲν
1018 1985 1288 2067 τείνειν,
1366 1986 1523 2060 τοὺς
1582 1980 1655 2048 δὲ
1710 1982 2134 2067 ἀντιτείνειν,
2198 1983 2277 2047 τὸ
2336 1980 2412 2047 δὲ

381 2086 606 2173 ἐξέχον
664 2089 704 2173 ἢ
763 2096 855 2177 τῷ
904 2087 1149 2176 θέναρι
1206 2089 1248 2173 ἢ
1312 2100 1390 2176 τῇ
1448 2088 1694 2176 πτέρνῃ
1755 2090 1889 2171 ἅμα
1948 2089 2254 2155 ἀπωθεῖν
2297 2088 2412 2154 καὶ

274 2211 375 2260 138
398 2194 607 2260 ὠθεῖν
651 2198 875 2281 πρόσω
921 2197 1032 2261 καὶ
1073 2196 1282 2281 κάτω,
1337 2193 1661 2284 κάΙτωθεν
1715 2192 1790 2261 δὲ
1834 2196 1999 2261 κατὰ
2053 2196 2129 2261 τὸ
2179 2194 2412 2281 ἕτερον

299 2329 352 2370 20
378 2300 612 2367 ὀστέον
657 2304 862 2386 ὄγκον
906 2304 1257 2386 μαλθακὸν
1302 2302 1612 2386 ὑποθείς,
1668 2302 1753 2387 ἢν
1805 2299 1928 2385 μὲν
1982 2303 2156 2386 ἄνω,
2212 2324 2411 2366 κατα-

377 2407 660 2496 στρέψας
685 2410 807 2493 τὴν
843 2419 1048 2497 χεῖρα,
1086 2410 1170 2494 ἢν
1207 2405 1282 2475 δὲ
1310 2408 1505 2493 κάτω,
1543 2409 1803 2494 ὑπτίην.
1869 2415 2045 2493 ῐησις
2083 2409 2406 2485 ὀθονίοις.

375 2637 494 2691 Mv
519 2571 547 2620 ¹
588 2565 890 2706 ῗέῖἔξσῗὲ
883 2588 944 2691 13'1
962 2566 1464 2706 Μξῗῗοεὲκέῗὲἵ
1490 2565 1882 2705 ῗὲἕέέῗὲζῃῗ
1892 2566 2068 2705 ξῗῆ·
2101 2570 2228 2691 θέῖ.
2252 2583 2406 2705 ᾞέἑ

376 2707 558 2763 delevi
665 2708 727 2763 ἐν
762 2718 942 2763 τοῖσιν
981 2711 1035 2779 (ν
1073 2707 1201 2762 add.
1241 2708 1347 2777 Μ’)
1387 2706 1675 2778 ἑτέροισι(ν
1704 2707 1775 2777 V)
1812 2707 1933 2761 MV
2098 2714 2129 2761 3
2178 2707 2242 2761 δὲ
2286 2708 2412 2762 MV

375 2779 846 2921 avvfflfflffi’
884 2780 1178 2905 ’θὶὶὶυῖῗῗ
1196 2779 1409 2904 ἕοᾶᾱὸ
1422 2778 2337 2918 ,ἕῗῖὲῖνοὲἶῧαῑθῖζαῗῇἳὲῗᾞῧ

376 2927 409 2974 8
448 2923 579 2976 ante
607 2921 669 2976 ἐκ
696 2921 824 2976 add.
855 2923 891 2992 ἡ
919 2922 965 2975 Β
1073 2928 1105 2976 9
1144 2923 1419 2993 ἐμβολῆᾕᾘ
1443 2921 1504 2975 Μ
1575 2919 1955 3004 ὑπερωρῇσιος
1988 2921 2049 2976 Μ
2168 2925 2235 2975 13
2273 2922 2404 2988 περὶ

375 2992 559 3115 ἔξιρὸς
607 2993 830 3060 ἄρθρου
876 2994 937 3047 in
980 2993 1067 3046 tit.
1120 2993 1191 3060 B,
1246 2993 1377 3058 περὶ
1425 2993 1609 3117 ξιρὸς
1656 3011 1718 3046 111
1767 2994 1853 3045 t1t.
1907 2991 2028 3046 MV
2225 2998 2292 3046 14
2345 2993 2407 3047 δὲ

445 3062 497 3115 V
585 3065 719 3117 ante
756 3060 826 3132 ἣν
863 3063 963 3133 μὲν
1002 3063 1130 3118 add.
1170 3065 1268 3118 καὶ
1304 3063 1421 3118 ΒΜ
1580 3063 1708 3118 εἴσω
1735 3063 1856 3117 MV
1942 3063 2045 3117 καὶ
2080 3060 2155 3132 ἢν
2191 3083 2245 3132 μ.
2277 3062 2406 3118 εἴσω

376 3133 438 3185 in
472 3150 578 3187 rae.
617 3135 654 3188 1.
693 3134 781 3187 Μ’
852 3133 922 3204 ἢν
960 3136 1136 3205 μὲν..
1161 3178 1172 3189 .
1204 3133 1400 3190 ἐκτείν.
1440 3153 1545 3189 om.
1584 3136 1690 3203 Ap.
1839 3139 1907 3188 15
1944 3133 2220 3204 κάμπτειν
2256 3135 2302 3187 Β

380 3208 445 3256 16
484 3204 546 3260 δὲ
576 3221 682 3259 om.
711 3206 816 3275 Ap.
929 3211 995 3259 18
1031 3211 1107 3278 τῷ
1145 3207 1204 3260 et
1237 3211 1308 3276 τῆ
1345 3223 1450 3260 om.
1481 3205 1714 3275 MVAp.
1789 3203 2080 3260 ἀπωθέειν
2098 3226 2147 3260 κ.
2170 3203 2409 3261 ὠθέειεν

377 3273 489 3328 ΜΨ
588 3281 654 3328 19
683 3278 780 3330 καὶ
799 3293 905 3331 om.
926 3277 1038 3331 MV
1089 3278 1189 3330 καὶ
1206 3262 1356 3331 κάτω
1378 3295 1484 3332 om.
1497 3277 1601 3346 Ap.
1660 3277 1724 3331 δὲ
1741 3278 1873 3345 post
1891 3275 2154 3331 κάτωθεν
2173 3294 2282 3330 om.
2300 3277 2407 3346 Ap.

450 3349 519 3398 20
548 3345 797 3414 μαλακὸν
812 3347 917 3419 Ap.
973 3347 1278 3414 ἀπωθέειν,
1298 3346 1487 3417 πρόσω
1508 3349 1606 3402 καὶ
1623 3348 1884 3403 κάτωθεν
1905 3347 2075 3417 (κάτω
2096 3347 2271 3417 Erm.)
2292 3369 2342 3403 κ.
2362 3369 2408 3402 τ.

381 3414 421 3468 ἑ.
454 3414 519 3480 6.,
550 3414 595 3468 ὀ.
631 3435 682 3483 μ.
713 3417 762 3469 ὑ.
792 3417 926 3472 Litt.
946 3419 1017 3471 οῖ
1042 3418 1192 3472 Erm.
1221 3435 1291 3472 ex
1322 3419 1601 3474 Mochlico
1748 3425 1812 3473 21
1851 3421 1983 3488 post
2010 3418 2159 3495 ἴησις
2185 3419 2316 3495 add.
2350 3421 2411 3474 δὲ

379 3483 501 3538 MV
610 3484 947 3557 ὀθονίοισι(ν
985 3488 1064 3557 Μ)
1103 3487 1240 3555 MV,
1288 3488 1384 3564 -ίῳ
1419 3491 1524 3560 Ap.
2203 3539 2209 3543 <
