2588 3876
631 149 806 199 ΠΕΡΙ
840 147 1132 200 ΑΡΘΡΩΝ
1167 149 1528 200 ΕΜΒΟΛΗΣ
1567 153 1648 201 74.
1692 152 1757 201 75
2088 148 2218 212 233

204 306 321 372 ἀπὸ
367 317 480 391 τῆς
525 309 822 391 κοτύλης.
913 309 1034 391 τὴν
1088 307 1317 392 μέντοι
1373 312 1503 374 σὺν
1559 318 1650 397 τῷ
1698 310 1871 396 ξύλῳ
1927 317 2018 399 τῷ
2056 311 2219 374 ὑπο-

200 413 547 501 τεινομένφ
576 416 935 498 μόχλευσιν
961 413 1390 498 μηχανήσαιτ’
1430 417 1515 480 ἄν
1551 439 1670 498 τις,
1710 417 1874 481 ὥστε
1912 406 2221 500 ἁρμόζειν

199 518 302 584 καὶ
347 521 560 608 τούτῳ
605 528 696 609 τῷ
734 523 954 608 τρόπω
1000 529 1121 585 τοῦ
1159 520 1607 605 ὀλισθήματος
1642 519 1895 600 ἔξωθεν
1930 540 2219 608 προσαρ-

198 624 377 690 τέων.
468 625 634 691 ἀλλὰ
688 631 759 690 τί
811 625 921 691 καὶ
983 628 1113 705 δεῖς
1176 626 1262 710 ἢν
1320 629 1447 712 γὰρ
1508 627 1732 712 ὀρθῶς
1790 625 1914 712 μὲν
1972 626 2081 693 καὶ
2144 621 2217 692 εὖ

200 736 681 817 κατατείνηται,
718 732 943 817 ὀρθῶς
979 733 1054 797 δὲ
1090 733 1519 817 μοχλεύηται,
1565 738 1636 798 τί
1668 734 1790 799 οὐκ
1827 733 1914 799 ἂν
1950 733 2218 818 ἐμπέσοι
2274 760 2298 800 5

199 839 457 923 ἄρθρον
503 838 713 915 οὕτως
759 838 1197 917 ἐκπεπτωκός;
1560 824 1564 829 ’

331 945 433 1010 75.
470 943 601 1010 Ἢν
638 946 712 1010 δὲ
750 944 818 1021 ἐς
852 946 1225 1011 τοῦπισθεν
1259 945 1461 1030 μέρος
1497 945 1876 1032 ἐκπεπτώκῃ
1917 946 1952 1012 ὁ
1989 949 2218 1031 μηρός,

196 1052 306 1128 τὰς
348 1049 357 1138 Ι
397 1048 521 1136 μὲν
573 1052 966 1129 κατατᾶσιας
1010 1050 1119 1116 καὶ
1177 1051 1553 1128 ἀντιτάσιας
1608 1052 1780 1117 οὕτω
1828 1054 1950 1137 χρὴ
1996 1062 2328 1118 ποιεῖ-’306

198 1164 390 1241 σθαι,
457 1158 546 1234 ὡς
611 1158 878 1242 εἴρηται.
988 1157 1505 1243 ἐπιστορέσαντα
1569 1158 1645 1223 δὲ
1708 1156 1814 1223 ἐπὶ
1878 1160 1952 1223 τὸ
2019 1136 2222 1236 ξύλὀν

202 1265 466 1348 ἱμάτιον
510 1265 940 1348 πολύπτυχον
986 1264 1075 1340 ὡς
1119 1265 1671 1348 μαλθακώτατον,
1731 1263 1985 1349 πρηνέα
2030 1287 2221 1328 κατα-
2252 1292 2303 1331 ιο

195 1375 514 1436 κλίναντα
558 1372 677 1435 τὸν
723 1371 1090 1455 ἄνθρωπον
1136 1370 1311 1435 οὕτω
1356 1374 1794 1436 κατατείνειν
1853 1372 1987 1455 ἅμα
2032 1367 2106 1435 δὲ
2144 1379 2221 1456 τῇ

199 1477 547 1543 κατατάσει
593 1478 717 1561 χρὴ
754 1485 832 1562 τῇ
871 1477 1096 1541 σανίδι
1132 1477 1646 1559 καταναγκάζειν
1680 1479 1800 1542 τὸν
1837 1477 2043 1542 αὐτὸν
2078 1479 2224 1560 τρό-

198 1604 327 1649 πον
386 1584 476 1659 ὡς
530 1584 611 1646 τὰ
664 1582 978 1666 ὑβώματα
1036 1580 1175 1646 κατ’
1234 1581 1366 1659 ἴξιν
1424 1591 1545 1647 τοῦ
1602 1586 1895 1665 πυγαίου
1950 1583 2224 1667 ποιησά-

198 1714 406 1774 μενον
451 1690 574 1772 τὴν
622 1689 890 1771 σανίδα,
937 1686 1045 1752 καὶ
1092 1691 1349 1772 μᾶλλον
1394 1686 1461 1763 ἐς
1505 1689 1579 1752 τὸ
1627 1689 1799 1752 κάτω
1836 1687 2035 1772 μέρος
2082 1689 2121 1771 ἢ
2157 1687 2226 1764 ἐς

195 1797 266 1860 τὸ
315 1797 456 1859 ἄνω
504 1806 639 1860 τῶν
687 1796 945 1879 ἰσχίων·
1010 1792 1118 1858 καὶ
1166 1794 1206 1877 ἡ
1263 1793 1503 1877 ἐντομὴ
1551 1794 1589 1876 ἡ
1637 1792 1712 1858 ἐν
1754 1801 1846 1882 τῷ
1893 1795 2090 1876 τοίχῳ
2146 1803 2223 1878 τῇ
2254 1821 2304 1860 15

197 1904 425 1969 σανίδι
472 1903 559 1988 μὴ
619 1901 852 1967 εὐθεῖα
906 1898 1103 1985 ἔστω,
1160 1898 1300 1965 ἀλλ’
1348 1899 1580 1984 ὀλίγον
1633 1900 2006 1985 καταφερὴς
2060 1901 2227 1985 πρὸς

198 2012 270 2075 τὸ
319 2020 459 2075 τῶν
503 2009 734 2073 ποδῶν
779 2007 993 2094 μέρος.
1085 2006 1249 2092 αὕτη
1298 2008 1339 2091 ἡ
1395 2006 1642 2092 ἐμβολὴ
1688 2009 1854 2072 κατὰ
1899 2008 2111 2091 φύσιν
2155 2031 2225 2072 τε

196 2117 479 2200 μάλιστα
537 2122 628 2203 τῷ
679 2117 903 2202 τρόπω
965 2116 1177 2202 τούτω
1237 2123 1358 2179 τοῦ
1414 2113 1862 2198 ὀλισθήματός
1917 2112 2055 2178 ἐστι
2115 2111 2225 2178 καὶ

347 2297 374 2343 1
417 2290 546 2355 σὺν,
586 2306 654 2342 ss.
694 2289 723 2352 ξ
759 2287 839 2355 Ν,
878 2288 978 2352 ξὺν
1018 2291 1120 2342 cet.
1269 2295 1300 2340 2
1339 2291 1661 2359 μοχλευσειν
1699 2290 1802 2356 Ap.
1879 2287 2226 2359 μηχανήσετο

198 2360 270 2416 διν
311 2362 385 2426 Β,
444 2380 698 2431 μηχανης
732 2361 889 2414 ἁπαν
934 2380 1018 2420 τις
1053 2360 1158 2428 Ap.
1306 2358 1548 2427 ἁρμόσαι
1584 2360 1689 2427 Ap.
1874 2364 1906 2410 3
1962 2360 2059 2412 καὶ
2097 2361 2227 2411 ante

196 2434 377 2488 τούτω
425 2448 530 2485 om.
578 2431 683 2498 Ap.
848 2436 896 2482 3.
927 2436 960 2481 4
997 2448 1040 2483 π
1076 2446 1179 2484 οσα
1215 2429 1345 2484 τέον
1390 2428 1533 2494 MV,
1590 2430 1732 2498 πρὸς
1776 2428 1977 2483 ἀκτέον
2013 2429 2117 2496 Ap.

199 2510 230 2557 4
267 2487 404 2574 po‘st
441 2506 531 2558 δεῖ
564 2501 732 2571 vulgo
772 2501 901 2554 add.
938 2450 1107 2555 πλεῖω
1144 2503 1172 2553 λ
1205 2520 1349 2569 γειν,
1389 2517 1496 2554 om.
1535 2499 1735 2565 BMV,
1785 2503 1875 2555 δεῖ
1907 2502 1993 2552 πλ.
2033 2502 2076 2551 λ.
2119 2516 2224 2552 om.

196 2576 302 2645 Ap.
419 2574 516 2627 καὶ
553 2572 662 2641 μὴν
699 2589 800 2640 pro
837 2569 909 2640 ἢν
945 2572 1049 2640 Ap.
1197 2577 1228 2624 ὃ
1276 2572 1355 2627 ἔτι
1393 2569 1466 2625 ἂν
1504 2571 1607 2625 οὐκ
1644 2572 1767 2640 ἐμκπ.
1806 2571 1910 2639 Ap.
2059 2576 2090 2622 6
2139 2569 2226 2623 ἐκ·

198 2660 496 2725 πεπτωκός
532 2678 638 2715 om.
677 2661 781 2729 Ap.
967 2664 996 2712 7
1053 2664 1165 2714 ΛΗ
1195 2661 1326 2727 περὶ
1364 2677 1738 2728 καταρτισμου
1774 2666 1874 2728 τῆς
1908 2666 2008 2712 τοῦ
2046 2678 2226 2727 μηρου

200 2737 454 2804 κεφαλῆς
490 2730 559 2801 ἢν
598 2732 679 2795 εἰς
713 2732 776 2786 τὸ
816 2730 1055 2785 ὄπισθεν
1092 2729 1258 2800 μέρος
1286 2729 1487 2800 ὀλισθη
1516 2730 1603 2783 tit.
1633 2731 1696 2798 B,
1736 2730 1933 2801 ἐμβολη
1963 2749 2062 2798 της
2097 2726 2224 2783 κατ’

200 2824 385 2878 ισχιον
438 2806 660 2871 αρθρου
710 2823 782 2871 ην
833 2822 913 2865 εις
956 2820 1018 2855 το
1071 2805 1312 2855 οπισθεν
1362 2823 1397 2871 η
1448 2820 1548 2855 του
1594 2821 1771 2872 μηρου
1817 2803 2031 2869 κεφαλη
2070 2800 2228 2868 εξαρ-

198 2882 392 2947 θρηση
431 2875 519 2928 tit.
562 2878 613 2927 Γ
732 2882 911 2927 τοῖσιν
948 2874 1011 2926 δε
1049 2873 1130 2936 εἰς
1164 2873 1227 2926 τὸ
1266 2871 1313 2926 ὅ.
1356 2871 1384 2926 ὁ
1424 2872 1598 2941 μηρὸς
1643 2872 1977 2927 ἐκπεπτώκει
2014 2871 2119 2939 Ap.

200 2953 232 3001 8
272 2945 590 3007 &vaccinas-
625 2945 737 2997 ΒΓ
837 2943 1013 3004 οὕτως
1047 2943 1159 2996 ΒΓ
1251 2945 1344 2996 δεῖ
1374 2960 1475 3012 pro
1512 2943 1615 3013 χρὴ
1653 2944 1757 3012 Ap.
1904 2946 1952 2996 8.
1983 2948 2014 2995 9
2057 2941 2228 2997 ποιέε.

200 3019 363 3073 codd.
531 3022 562 3069 9
603 3015 784 3083 ὥσπερ
821 3013 928 3083 ἤδη
965 3014 1068 3082 Ap.
1179 3014 1611 3082 ὑποστρώσαντα
1649 3014 1711 3068 δὲ
1749 3013 1859 3068 ὑπὸ
1895 3013 1999 3081 Ap.
2110 3014 2230 3069 ἐπι-

201 3087 546 3157 στορέσαντα
579 3131 588 3141 .
623 3129 633 3140 .
669 3129 678 3139 .
711 3084 963 3154 ὀλισθήμ.
1004 3089 1077 3153 (p.
1110 3090 1229 3150 234,
1252 3087 1306 3153 ὅ)
1346 3101 1450 3138 om.
1494 3088 1545 3137 Γ
1684 3089 1750 3137 10
1789 3085 1862 3145 ὡς
1898 3100 2004 3137 om.
2044 3085 2148 3153 Ap.

201 3157 489 3228 μαλακώ(ό
528 3157 642 3226 Β)τ.
680 3155 858 3209 BMV
956 3156 1085 3223 post
1121 3158 1320 3224 μαλακ.
1360 3155 1488 3208 add.
1521 3155 1581 3223 ἔη
1611 3155 1732 3209 MV
1878 3160 1959 3207 10.
1994 3161 2057 3208 11
2097 3159 2231 3224 μαλ-

200 3228 406 3285 θακότ.
448 3237 698 3297 πρηναῖα
736 3230 1067 3282 κατακλῖναι
1093 3226 1206 3294 Ap.
1356 3232 1419 3279 11
1470 3225 1647 3289 οὕτως
1683 3228 1785 3294 Ap.
1935 3231 2000 3278 13
2049 3225 2230 3292 ὥσπερ

203 3302 310 3370 Ap.
425 3298 493 3364 ἴξ.
532 3298 592 3351 Μ
699 3296 957 3365 κατήξειν
994 3298 1098 3365 Ap.
1264 3302 1331 3349 14
1379 3293 1619 3351 σανίδαν
1656 3297 1701 3349 Β
1809 3296 1907 3350 καὶ
1942 3298 2073 3364 Ροεὴ
2109 3314 2229 3351 σαν.

204 3391 312 3427 om.
353 3372 459 3439 Ap.
593 3374 658 3422 15
697 3368 732 3437 ἡ
773 3371 904 3422 ante
942 3368 1003 3423 ἐν
1042 3385 1147 3421 om.
1187 3368 1421 3436 MVAp.
1496 3368 1640 3437 τύχω
1679 3366 1906 3435 BMAp.
2038 3373 2104 3419 16
2143 3367 2232 3419 εὐ-

203 3441 341 3498 θεία
381 3441 434 3494 V
583 3445 646 3492 17
684 3459 743 3493 τε
782 3457 887 3493 om.
929 3441 1030 3508 Ap.
1181 3444 1246 3491 18
1283 3459 1347 3492 το
1383 3457 1571 3505 τροπω
1609 3457 1771 3491 τουτο
1809 3438 1932 3505 Ap.‚
1971 3439 2068 3492 τὸν
2106 3436 2230 3504 τρό-

204 3533 314 3568 πον
352 3519 560 3567 τοῦτον
595 3508 756 3563 Dietz
904 3516 968 3563 18
1008 3511 1156 3564 ἐστιν
1193 3510 1297 3577 Ap.
