2588 3876
273 128 351 177 VI
1074 126 1493 178 PRAEFATIO.

271 295 452 368 primi
495 293 673 351 huius
719 292 997 351 editionis
1033 291 1352 351 voluminis
1397 313 1455 368 p.
1498 295 1624 352 110
1659 291 1913 372 προσδεῖ
1937 312 2134 351 111011111
2172 311 2295 351 esse

271 385 452 459 negat
498 385 558 440 et
600 378 869 441 Littraeo
917 382 1397 456 Ermerinsioque
1437 381 1727 440 attribuit.
1801 382 1958 440 Nam
1993 378 2296 441 Littraeus

272 490 507 545 quoque
553 462 643 550 (H
682 472 828 545 372,
873 471 976 528 lin.
1017 462 1085 551 8)
1133 469 1340 530 scribit
1384 467 1740 549 προσδέεται.
1808 470 1925 539 Qui
1962 490 2123 530 error
2157 470 2295 528 inde

271 559 507 618 videtur
533 561 711 617 natus
740 578 882 634 esse,
911 559 1069 635 quod
1096 558 1286 618 tribus
1316 560 1581 618 versibus
1607 562 1745 636 post
1770 559 2022 639 προσδεῖ
2041 560 2297 618 alterum

272 648 516 725 legitur,
575 649 733 722 quod
786 668 976 724 neque
1020 648 1371 708 Ermerinsii
1415 668 1606 725 neque
1649 648 1930 723 Littraei,
1973 649 2093 728 *sed
2138 649 2295 708 codi-

271 755 407 794 cum
453 740 557 797 est.

409 825 692 901 Sequitur
719 825 931 885 tertius
960 827 1153 902 locus,
1190 828 1300 902 qui
1337 829 1428 886 est
1461 823 1594 905 περὶ
1631 825 1860 904 διαίτης
1897 823 1980 899 ὀξ.
2018 847 2065 887 0.
2098 829 2155 901 2,
2192 826 2297 884 ubi

367 949 764 1010 Ermerinsius
809 953 1210 1028 transposuit:
1370 953 1500 1027 ipse
1526 953 1870 1027 transposui
1896 943 1958 1033 (Ι
1989 953 2133 1026 147,
2158 942 2297 1031 11):

356 1061 434 1139 τῷ
464 1055 738 1141 τοιούτῳ,
784 1053 863 1135 ἢν
900 1055 982 1134 μὴ
1030 1049 1174 1135 αἷμα
1217 1055 1283 1117 ἐκ
1459 1062 1537 1140 τῷ
1580 1056 1826 1142 τοιούτῳ
1881 1054 1961 1136 ἢν
2015 1054 2097 1134 μὴ
2152 1049 2298 1134 αἷμα

269 1145 452 1225 ῥινῶν
497 1145 613 1229 ῥυῇ
661 1143 701 1224 ἢ
746 1145 1053 1223 πτύσματα
1096 1144 1284 1225 παχέα
1371 1145 1436 1207 ἐκ
1490 1145 1656 1226 ῥινὸς
1707 1146 1824 1231 ῥυῇ
1882 1143 1923 1226 ἢ
1984 1144 2297 1223 ἀπόστημα

267 1233 460 1318 πτύσῃ
515 1231 556 1314 ἢ
611 1232 925 1313 ἀπόστημα
967 1233 1100 1316 περὶ
1146 1235 1282 1316 τρά-
1371 1232 1504 1314 περὶ
1575 1235 1864 1314 τράχηλον
1944 1233 2182 1316 γένηται
2255 1231 2295 1313 ἢ

268 1328 450 1403 χηλον
495 1320 733 1404 γένηται
792 1321 833 1402 ἢ
887 1321 1135 1384 σκελέων
1180 1321 1282 1383 62).-
1373 1321 1621 1384 σκελέων
1693 1321 1927 1404 ἄλγημα
1988 1320 2029 1403 ἢ
2096 1323 2295 1403 ἰσχίων

269 1435 432 1492 γημα
457 1409 498 1490 »ἢ
529 1412 716 1492 ἰσχίου
746 1409 936 1492 ὀδύνη
970 1409 1011 1492 ἢ
1048 1412 1281 1473 αἰδοίου
1373 1410 1563 1491 ὀδύνη
1592 1409 1632 1491 ἢ
1661 1412 1895 1473 αἰδοίου
1918 1412 2181 1491 πελίωμα
2215 1445 2289 1454 -

268 1502 530 1579 πελίωμα
558 1535 646 1543 -
673 1509 853 1561 ταῦτα
891 1499 955 1562 δὲ
993 1501 1283 1580 ξυστάσης
1372 1509 1551 1561 ταῦτα
1589 1499 1653 1562 δὲ
1694 1501 1988 1580 συστάσης
2032 1510 2136 1580 τῆς
2170 1523 2297 1562 κοι-

269 1597 372 1668 τῆς
390 1591 618 1668 κοιλίης
636 1583 911 1670 γίγνεται,
946 1623 1022 1632 —-
1055 1590 1127 1651 οὐ
1156 1591 1282 1670 κρί-
1371 1591 1501 1669 λίης
1563 1590 1782 1670 γίνεται
1847 1623 1922 1632 --
1985 1588 2084 1650 καὶ
2149 1590 2297 1650 πτύ-

268 1700 428 1738 νεται
456 1682 559 1738 et
542 1700 606 1737 1n
634 1683 1056 1740 commentario
1076 1681 1281 1741 critico
1373 1695 1562 1757 σματα
1595 1677 1781 1759 παχέα
1808 1679 2031 1763 πτύσῃ,
2070 1677 2142 1740 οὐ
2170 1680 2294 1760 κρί-

268 1767 642 1844 subscripsit:
715 1767 814 1828 καὶ
869 1766 1054 1850 όρχιες
1117 1767 1283 1829 ἐντα-
1372 1783 1559 1828 νεται·
1634 1766 1733 1828 καὶ
1807 1765 1966 1849 ὄρχις
2027 1766 2296 1840 ἐνταθεὶς

268 1855 399 1929 θεὶς
460 1857 719 1938 κριτικόν
791 1859 944 1916 1111111
1007 1860 1095 1916 est
1167 1858 1284 1916 nisi
1372 1857 1650 1938 κριτικόν.

270 1947 580 2006 adnotatio
626 1949 864 2007 lectoris
918 1949 1280 2006 recentioris

402 2070 625 2139 Quodsi
662 2071 927 2131 ordinem
962 2071 1111 2130 mihi
1149 2071 1541 2131 constitutum
1577 2072 1929 2130 Ermerinsii
1966 2088 2090 2129 esse
2127 2070 2291 2145 dicit,

271 2179 366 2219 res
415 2162 553 2219 ante
598 2160 800 2219 oculos
846 2163 1158 2236 proposita
1201 2180 1310 2236 per
1354 2180 1414 2221 se
1459 2163 1593 2237 ipsa
1631 2161 1867 2235 doceat,
1914 2178 2031 2235 quo
2067 2162 2195 2218 iure
2231 2160 2295 2217 id

268 2248 603 2309 contendat.

401 2338 611 2397 Restat
655 2340 901 2413 quartus
938 2339 1123 2397 100113.
1196 2339 1228 2397 Ι
1266 2340 1369 2413 63,
1402 2341 1436 2397 7
1476 2334 1696 2416 βλαδέα
1732 2336 1888 2413 quod
1925 2356 2033 2412 pro
2080 2333 2296 2396 πλατέα

270 2426 540 2486 codicum
565 2428 630 2484 in
657 2429 886 2486 textum
913 2447 1032 2486 non
1060 2430 1283 2504 recepi,
1313 2428 1800 2501 WilamowitziO,
1830 2446 1965 2486 cum
1992 2427 2296 2502 quondam

272 2516 348 2574 ad
386 2536 523 2575 eum
567 2516 765 2575 locum
808 2516 957 2574 mihi
996 2517 1432 2592 adscripsisset,
1478 2515 1793 2575 vindicavi.
1863 2514 2157 2574 Confiteor
2201 2535 2296 2573 me

270 2606 522 2682 fugisse,
585 2605 1017 2664 Ermerinsium
1070 2608 1194 2663 iam
1260 2608 1398 2663 ante
1452 2605 1625 2663 illum
1682 2624 1750 2663 ex
1814 2606 2152 2663 coniectura
2205 2605 2330 2680 ita·

268 2695 596 2768 scripsisse,
659 2712 840 2769 quam
896 2696 1297 2753 coniecturam
1351 2713 1485 2752 cum
1538 2712 1657 2752 non
1711 2692 2079 2768 probassem,
2144 2694 2295 2751 nihil

267 2785 421 2856 erat,
468 2801 571 2841 cur
605 2782 1035 2842 Herwerdenus
1072 2784 1233 2842 mala
1266 2782 1383 2842 fide
1430 2800 1586 2842 eam·
1608 2782 1836 2839 homini
1870 2779 2164 2840 Germano
2200 2800 2295 2839 me

263 2871 567 2930 vindicare
610 2872 868 2931 voluisse
916 2872 1149 2931 diceret.

400 2959 563 3028 Quae
628 2978 762 3019 cum
824 2961 912 3019 ita
968 2962 1114 3036 sint,
1177 2961 1323 3020 satis
1390 2960 1821 3019 demonstrasse
1883 2960 2033 3018 mihi
2092 2959 2298 3018 videor

265 3048 651 3107 Herwerdeni
678 3049 1075 3124 querimonias
1104 3069 1212 3125 pro
1251 3049 1341 3108 rei
1369 3049 1614 3108 levitate
1642 3049 1858 3107 nimias
1896 3053 2077 3124 atque
2115 3050 2296 3107 etiam

265 3138 502 3212 iniquas
569 3156 707 3197 esse.
817 3137 1004 3206 Quem
1070 3141 1318 3214 aequius
1383 3138 1453 3196 de
1517 3138 1628 3196 hac
1691 3156 1847 3197 nova
1908 3137 2294 3212 Hippocratis

269 3226 527 3285 editione
573 3226 975 3286 iudicaturum
1012 3246 1210 3302 spem,
1256 3228 1361 3285 ubi
1405 3226 1515 3285 hoc
1553 3227 1807 3286 alterum
1842 3227 2118 3285 volumen
2163 3244 2295 3301 per-

265 3316 494 3393 legerit.
586 3316 768 3391 Nam‚
822 3319 891 3375 ut
945 3319 1142 3375 cetera
1197 3318 1498 3391 omittam,
1552 3316 1778 3375 videbit
1840 3317 1904 3373 in
1957 3314 2109 3373 libro
2124 3359 2139 3389 ,
2193 3316 2298 3389 qui

265 3405 609 3464 inscribitur
667 3404 979 3484 Μοχλικόν
994 3451 1008 3480 ,
1078 3405 1291 3464 melius
1359 3424 1452 3463 me
1514 3405 1873 3464 consuluisse
1932 3403 2294 3475 Ermerinsio

271 3514 468 3570 quam,
513 3514 587 3553 ne
614 3495 813 3571 plures
842 3495 1054 3570 dicam,
1089 3496 1478 3554 novissimum
1514 3494 1799 3553 editorem
1834 3492 2299 3568 Petrequinium,
