2588 3876
320 119 453 185 266
1020 123 1419 175 MOXAIKON
1457 127 1540 176 36.
1573 126 1641 176 37

320 285 626 351 ἑωυτοῖσι
686 287 908 372 κρίσιν
965 285 1403 370 ποιησάμενα,
1463 295 1651 351 κεῖνα
1705 282 1778 351 δὲ
1838 283 1945 350 ἐπὶ
2004 282 2213 349 πλέον
2266 292 2360 373 τῷ

321 392 570 473 σώματι
609 390 990 457 ἐπιδιδόντα
1025 393 1135 457 καὶ
1173 390 1248 457 ἐν
1283 390 1647 477 ἐπικαίροις
1683 390 1892 457 ἐόντα.
1966 382 2115 457 οἷον
2150 396 2353 457 πλευ-

322 498 433 584 ραὶ
495 508 878 582 καταγεῖσαι
941 499 1064 581 μὲν
1129 498 1349 582 ὀλίγαι
1413 500 1820 585 πυρετώδεες
1891 496 2001 563 καὶ
2073 499 2350 580 αἵματος

319 605 596 682 πτύσιος
640 603 750 670 καὶ
797 610 1280 690 σφακελισμοῦ,
1336 608 1422 689 ἥν
1476 630 1546 671 τε
1599 609 1748 689 μία,
1800 608 1887 689 ἥν
1941 629 2011 670 τε
2054 608 2348 688 πλείους,

267 737 292 778 5
320 713 408 797 μὴ
437 722 819 795 καταγεῖσαι
847 712 923 777 δὲ
951 762 966 777 .
997 762 1011 776 .
1042 762 1057 778 .
1085 711 1195 778 καὶ
1226 719 1401 798 ἴησις
1429 714 1684 798 φαύλη,
1719 713 1808 797 μὴ
1837 720 2347 795 κενεαγγοῦντα,

319 820 404 903 ἢν
440 818 764 906 ἀπύρετος
807 811 875 904 ᾗ·
940 818 1259 902 ἐπίδεσις,
1306 821 1396 897 ὡς
1439 821 1666 901 νόμος·
1739 820 1780 904 ἡ
1818 815 1893 884 δὲ
1927 819 2236 906 πώρωσις
2273 817 2349 884 ἐν

319 932 573 993 εἴκοσιν
634 924 939 1012 ἡμέρῃσι·
1021 936 1275 1011 χαῦνον
1338 926 1483 1012 γάρ.
1591 924 1676 1009 ἢν
1743 925 1803 992 δ’
1876 925 2346 1011 ἄμφιφλασθῇ,

210 1049 322 1109 380,
346 1036 670 1116 φυματίαι
733 1034 844 1098 καὶ
915 1034 1243 1118 βηχώδεες
1306 1031 1416 1098 καὶ
1480 1030 1746 1115 ἔμμοτοι
1804 1030 1814 1118 Ι
1878 1031 1987 1097 καὶ
2059 1034 2347 1119 πλευρὰς

319 1137 788 1223 ἐσφακέλισαν·
850 1141 1031 1225 παρὰ
1075 1142 1202 1225 γὰρ
1249 1142 1547 1226 πλευρὴν
1584 1137 1866 1224 ἑκάστην
1902 1139 2028 1204 ἀπὸ
2076 1140 2347 1205 πάντων

241 1273 293 1313 10
320 1248 504 1312 τόνοι
552 1249 741 1312 εἰσίν.

452 1353 556 1418 37.
631 1355 723 1418 Τὰ
770 1352 828 1418 δ’
877 1353 1003 1418 ἀπὸ
1050 1355 1501 1431 καταπτώσιος
1539 1349 1746 1437 ἧσσον
1791 1354 2072 1419 δύναται
2120 1350 2347 1431 ἐξιθύ-

317 1466 584 1524 νεσθαι·
649 1461 1067 1546 χαλεπώτερα
1120 1461 1196 1526 δὲ
1248 1462 1330 1526 τὰ
1376 1463 1513 1525 ἄνω
1570 1471 1842 1545 φρενῶν
1887 1458 2344 1538 ἐξιθύνεσθαι.

316 1557 452 1631 οἷσι
499 1566 573 1631 δὲ
615 1569 877 1651 παισίν,
923 1567 1006 1633 οὐ
1052 1565 1481 1651 συναύξεται,
1537 1565 1679 1632 ἀλλ’
1725 1567 1766 1651 ἢ
1813 1567 2010 1651 σκέλη
2057 1565 2170 1632 καὶ
2215 1577 2347 1651 χεῖ-

317 1696 427 1760 ρες
470 1671 581 1738 καὶ
627 1676 906 1758 κεφαλή·
968 1672 1395 1758 ηὐξημένοισι
1449 1675 1727 1758 ὕβωσις,
1782 1683 2178 1759 παραχρῆμα
2223 1673 2346 1755 μὲν

233 1805 288 1847 15
314 1789 432 1863 τῆς
490 1781 741 1846 νούσου
802 1781 1059 1866 ῥύεται,
1122 1781 1249 1846 ἀνὰ
1309 1783 1553 1865 χρόνον
1607 1778 1668 1845 δ’
1726 1779 2231 1865 ἐπισημαίνεταί
2279 1803 2344 1844 τι

315 1881 535 1974 ὧνπερ
573 1885 684 1953 καὶ
720 1897 894 1953 τοῖσι
931 1885 1378 1974 νεωτέροισιν,
1412 1883 1625 1972 ἧσσον
1662 1888 1738 1954 δὲ
1773 1889 2139 1971 κακοήθως.
2215 1886 2346 1953 εἰσὶ

316 1992 376 2059 δ’
430 1997 503 2059 οἳ
553 1995 855 2081 εὐφόρως
900 1998 1219 2079 ἤνεγκαν,
1274 1987 1454 2061 οἶσιν
1508 1993 1636 2078 <dv
1681 1993 1791 2078 ἐς)
1845 1996 2177 2080 εὔσαρκον
2233 1992 2346 2059 καὶ

313 2102 678 2185 πιμελῶδες
721 2101 1070 2187 τράπηται·
1129 2101 1348 2185 ὀλίγοι
1403 2102 1478 2167 δὲ
1522 2102 1781 2167 τούτων
1825 2100 1977 2187 περὶ
2025 2099 2347 2185 ἑξήκοντα

205 2223 312 2272 382
342 2208 490 2271 ἔτεα
535 2205 839 2291 ἐβίωσαν.
909 2207 1076 2293 ἀτὰρ
1122 2209 1232 2274 καὶ
1278 2207 1348 2285 ἐς
1386 2209 1394 2292 Ι
1435 2210 1514 2273 τὰ
1559 2208 1804 2291 πλάγια
1852 2207 2346 2292 διαστρέμματα

231 2341 288 2380 20
314 2317 591 2397 γίνεται·
641 2316 950 2380 συναίτια
995 2315 1069 2380 δὲ
1114 2313 1225 2380 καὶ
1269 2316 1351 2380 τὰ
1396 2318 1709 2399 σχήματα,
1756 2312 1832 2379 ἐν
1876 2306 2058 2380 οἷσιν
2096 2312 2184 2378 ἄν
2230 2337 2346 2379 κα-

312 2419 698 2486 τακέωνται·
764 2422 872 2486 καὶ
918 2423 1050 2506 ἔχει
1094 2422 1530 2506 προγνώσιας.
1621 2422 1854 2486 πολλοὶ
1912 2417 1988 2486 δὲ
2033 2422 2142 2486 καὶ
2182 2412 2347 2503 αἷμα

312 2525 604 2595 ἕπτυσαν
666 2529 777 2592 καὶ
840 2530 1078 2611 ἔμπυοι
1143 2527 1471 2611 ἐγένοντο.
1570 2528 1611 2612 ἡ
1677 2524 1751 2593 δὲ
1815 2526 2079 2611 μελέτη,
2147 2533 2347 2611 ἴησις,

311 2632 623 2718 ἐπίδεσις,
660 2634 749 2711 ὡς
775 2637 992 2716 νόμος.
1065 2635 1322 2719 διαίτης
1356 2635 1436 2699 τὰ
1471 2646 1700 2721 πρῶτα
1736 2633 2079 2719 ἀτρεκέως,
2115 2630 2348 2698 ἔπειτα

457 2798 485 2845 1
526 2791 814 2847 ἑωυτοῖσιν
852 2791 911 2844 Μ
1017 2797 1053 2844 4
1091 2775 1481 2861 σφακελισμων
1519 2791 1580 2844 Μ
1703 2797 1735 2845 5
1774 2789 1847 2860 μὴ
1875 2793 2349 2873 κατασχισθεῖσαι

309 2863 374 2918 δὲ
423 2863 555 2917 Litt.
727 2863 801 2932 μὴ
849 2882 1028 2934 καταγ
996 2871 1065 2986 γέ
1114 2863 1217 2919 ἔσω
1255 2861 1321 2918 δέ
1355 2862 1454 2930 P.
1445 2905 1482 2929 .,
1538 2879 1643 2933 ego
1691 2861 2031 2917 sententiam
2074 2861 2346 2915 mutilam

310 2949 432 2987 esse
470 2934 729 2989 existimo
831 2934 917 3003 εἴη
955 2951 1019 2988 oo
1062 2934 1140 3000 (1.,
1190 2934 1253 3006 ἔῃ
1292 2881 1440 2987 Littq
1575 2931 1791 3002 Ίὴμέρ
1795 2932 1982 2996 αιςΜ
2111 2938 2182 2986 10
2218 2933 2348 2988 Lit-

309 3004 499 3058 traeus
538 3021 572 3059 a
607 3006 702 3059 vu]
778 3005 828 3058 ri
865 3005 1061 3060 ordine
1100 2976 1377 3059 decedens
1412 3006 1543 3073 post
1590 3004 1747 3059 τόνοι
1785 3002 1926 3059 εἰσίν
1963 3003 2168 3058 inserit
2204 3007 2346 3058 πολ-

307 3076 396 3129 λοὶ
450 3076 556 3131 δὲ.
634 3096 820 3131 ,ουτω
858 3076 957 3131 καὶ
993 3074 1207 3131 δίαιται
1245 3076 1315 3130 ef.
1346 3075 1495 3129 infra
1531 3093 1578 3129 v.
1619 3081 1684 3128 21
1809 3081 1872 3128 11
1914 3075 2157 3130 δύναται
2186 3074 2347 3142 MN,

310 3166 466 3200 -νται
494 3148 599 3202 cet.
629 3147 788 3201 codd.
903 3152 968 3200 12
1007 3147 1390 3213 ἐξνθύνασθαι
1417 3147 1500 3213 Μ,
1539 3150 1737 3201 -εσθαι
1764 3146 1875 3199 DK
1995 3152 2064 3200 14
2099 3146 2346 3215 ηὐξημέ-

310 3234 459 3270 νοισι
494 3217 570 3284 M,
609 3238 670 3272 -ν
699 3221 803 3272 oet.
878 3215 1116 3289 υβρωσις
1142 3219 1202 3272 Μ
1277 3224 1459 3272 15.16
1498 3215 1579 3271 δι’
1620 3212 1806 3284 ὧνπερ
1841 3216 2017 3287 vulg„
2057 3220 2203 3272 σιῶν
2228 3236 2343 3284 περ

309 3286 413 3377 Μ,
435 3287 633 3357 scripsi
668 3308 745 3353 τι,
787 3288 1254 3378 οἱ.π.ἄρθ’.ἐμβ.
1293 3294 1615 3359 Ρ.166,10;
1655 3287 1768 3344 ἀνὰ
1804 3309 1887 3359 χρ.
1926 3287 2118 3357 μέντοι
2148 3287 2349 3358 ἐπιση-

310 3354 496 3447 μαίνει
531 3378 584 3411 τι
620 3367 730 3411 τῶν
768 3360 972 3426 αὐτῶν,
1010 3358 1190 3429 ὥσπερ
1227 3367 1318 3414 καὶ
1360 3370 1507 3415 τοῖσι
1534 3358 1746 3415 νέοισιν
1884 3364 1951 3414 16
1988 3368 2171 3414 τοῖσιν
2207 3359 2270 3413 Μ

314 3432 378 3479 17
409 3424 467 3481 δ’
500 3427 575 3491 Μ,
606 3429 667 3483 δὲ
697 3429 802 3481 eet.
894 3427 966 3482 ἂν
995 3429 1052 3493 ἐς
1080 3447 1185 3486 om.
1213 3432 1396 3499 codd„
1424 3432 1675 3487 restituit
1701 3432 1834 3485 Litt.
1865 3447 1935 3485 ex
1962 3430 2089 3486 libr.
2120 3450 2180 3485 π.
2202 3431 2344 3500 ἅρθ.

312 3496 429 3569 ἐμβ.
458 3515 513 3566 p.
537 3502 747 3564 166,14
848 3504 914 3551 18
950 3500 1189 3556 τουτέων
1219 3504 1379 3558 codd.
1481 3508 1551 3557 20
1581 3503 1641 3558 ἐν
1671 3501 1853 3558 olm*
1821 3524 1895 3558 αν
1924 3505 2023 3558 καὶ
2050 3522 2250 3558 κατακ.
2278 3502 2349 3556 M
