2588 3876
430 113 557 178 142
868 120 1043 171 ΠΕΡΙ
1077 119 1366 173 ΑΡΘΡῼΝ
1401 121 1759 172 ΕΜΒΟΛΗΣ
1799 124 1879 172 18.
1923 125 1988 173 19

319 291 421 339 132
443 279 792 356 κατάτασις
836 280 987 364 μέν,
1043 279 1118 347 ἐν
1157 280 1166 366 1
1208 275 1248 367 ᾗ
1297 281 1332 346 ὁ
1380 284 1675 368 βραχίων
1720 283 2058 366 κατεαγεὶς
2101 279 2434 348 ἐπιδεῖται(

424 384 596 449 οὕτω
644 389 770 473 γὰρ
818 386 906 452 ἂν
957 389 1031 453 τὸ
1086 390 1434 471 καμπύλον
1486 398 1606 454 τοῦ
1663 388 1959 472 ἀγκῶνος
2006 389 2086 454 οὐ
2142 390 2421 454 κωλύσει.

423 488 715 558 ἐκπίπτει
772 491 847 559 δὲ
902 496 1182 575 μάλιστα
1237 493 1305 572 ἐς
1349 497 1422 560 τὸ
1476 497 1643 581 πρὸς
1683 497 1981 581 πλευρὴν
2025 494 2237 581 μέρος.
2319 497 2422 572 τὰς

422 598 496 663 δὲ
540 602 1000 687 κατορθώσιας
1044 602 1385 686 ἀπάγοντα
1431 602 1531 668 ὅτι
1576 607 1917 685 πλεῖστον,
1974 602 2064 678 ὡς
2116 604 2203 686 μὴ
2255 602 2417 686 ψαύῃ

365 726 390 766 5
420 714 534 787 τῆς
580 708 874 793 κορώνης
917 709 958 793 ἡ
1005 712 1287 793 κεφαλή,
1343 708 1675 795 μετέωρον
1718 709 2061 794 περιάγειν
2106 709 2214 774 καὶ
2256 730 2415 793 περι-

418 812 668 894 κάμψαι
732 816 840 881 καὶ
910 817 998 899 μὴ
1059 814 1126 893 ἐς
1196 816 1371 881 εὐθὺ
1434 817 1816 900 βιάζεσθαι,
1879 815 2012 897 ἅμα
2084 816 2159 881 δὲ
2230 815 2414 880 ὠθεῖν

414 917 733 985 τάναντία
787 920 892 1006 ἐφ’
939 920 1210 1008 ἑκάτερα
1266 920 1378 988 καὶ
1435 929 1780 1007 παρωθεῖν
1836 919 1903 999 ἐς
1957 922 2195 1008 χώρην.
2275 938 2409 986 συν-

416 1031 705 1112 ωφελοίη
752 1027 810 1093 δ’
856 1028 940 1094 ἂν
985 1030 1095 1094 καὶ
1141 1027 1519 1115 ἐπίστρεψις
1563 1029 1860 1112 ἀγκῶνος
1906 1026 1984 1093 ἐν
2025 1028 2306 1111 τούτοις,
2346 1025 2422 1098 ἐν,

254 1204 260 1210 ,
412 1139 503 1219 τῷ
541 1130 664 1215 μὲν
711 1134 778 1212 ἐς
821 1137 895 1200 τὸ
941 1137 1211 1219 ὕπτιον,
1268 1134 1344 1200 ἐν
1398 1144 1489 1224 τῷ
1538 1137 1613 1202 δὲ
1668 1133 1736 1213 ἐς
1789 1136 1864 1199 τὸ
1909 1134 2171 1221 πρηνές,
2260 1141 2419 1218 ἶησις·

331 1261 384 1300 10
413 1239 516 1324 δέ,
579 1246 904 1326 σχήματος
961 1242 1107 1325 μέν·
1134 1243 1379 1330 «ὀλίγῳ
1439 1241 1743 1328 ἀνωτέρω
1805 1242 2014 1328 ἄκρην
2072 1243 2195 1325 τὴν
2245 1250 2406 1324 χεῖρα

410 1355 530 1411 τοῦ
578 1347 878 1432 ἀγκῶνος
923 1351 1128 1434 ἔχειν,
1175 1351 1500 1435 βραχίονα
1546 1349 1620 1413 δὲ
1664 1349 1828 1413 κατὰ
1870 1347 2176 1433 πλευράς.
2256 1347 2404 1412 οὕτω

409 1450 484 1517 δὲ
537 1456 648 1519 καὶ
703 1455 1026 1539 ἀνάληψις
1078 1454 1189 1521 καὶ
1243 1456 1437 1533 θέσις
1491 1454 1657 1540 [καὶ]
1715 1455 2011 1540 εὔφορον
2065 1456 2176 1519 καὶ
2228 1454 2405 1538 φύσις

408 1560 517 1626 καὶ
563 1572 795 1649 χρῆσις
841 1561 917 1628 ἐν
962 1570 1191 1652 κοινῷ,
1237 1562 1325 1645 ἢν
1370 1565 1497 1648 ἄρα
1541 1564 1628 1646 μὴ
1675 1573 1889 1638 κακῶς
1931 1568 2250 1647 πωρωθῇ·
2291 1581 2402 1624 πω-

409 1678 642 1753 ροῦται
690 1670 766 1735 δὲ
809 1669 1067 1755 ταχέως.
1143 1671 1317 1753 ἴησις
1363 1669 1437 1735 δὲ
1484 1669 1821 1734 ὀθονίοισι
1858 1669 2022 1733 κατὰ
2058 1668 2177 1732 τὸν
2221 1669 2404 1749 νόμον

327 1792 378 1833 15
407 1776 527 1841 τὸν
574 1776 968 1863 ἀρθριτικὸν
1012 1777 1123 1842 καὶ
1168 1777 1242 1840 τὸ
1290 1774 1412 1853 ὀξὺ
1454 1776 1900 1860 προσεπιδεῑν.

543 1883 643 1948 19.
693 1884 1291 1969 Παλιγκοτώτατον
1330 1879 1403 1948 δὲ
1441 1882 1663 1967 ἀγκὼν
1706 1891 2037 1969 πυρετοῖς,
2083 1881 2402 1967 ὀδύνῃσιν,

405 1989 677 2075 ἀσώδει,
739 1992 1181 2079 ἀκρητοχόλω·
1247 1991 1547 2073 ἀγκῶνος
1605 1986 1680 2055 δὲ
1739 1991 2020 2071 μάλιστα
2078 1990 2153 2054 τὸ
2214 1989 2399 2054 ὀπίσω

405 2097 516 2161 διὰ
579 2098 652 2161 τὸ
714 2099 1073 2181 ναρκῶδες,
1135 2098 1453 2189 δεύτερον
1509 2097 1583 2161 δὲ
1633 2098 1710 2162 τὸ
1765 2099 2176 2183 ἔμπροσθεν·
2248 2102 2401 2179 ἴησις

403 2202 480 2268 δὲ
523 2203 563 2285 ἡ
612 2203 793 2287 αὐτή.
868 2202 1170 2288 Ιἐμβολαὶ,
1225 2203 1331 2287 δέ,
1391 2213 1512 2269 τοῦ
1556 2203 1680 2284 μὲν
1740 2201 1980 2286 ὀπίσω,
2039 2200 2396 2268 ἐκτείναντα

318 2327 373 2366 20
399 2312 824 2375 κατατείνειν.
916 2322 1190 2395 σημεῖον
1235 2309 1336 2377 δέ’
1407 2310 1485 2376 οὐ
1531 2311 1659 2396 γὰρ
1708 2311 2030 2375 δύνανται
2076 2307 2414 2377 ἐκτείνειν,

540 2509 567 2557 1
599 2502 635 2572 ἡ
665 2502 854 2557 κατάτ.
883 2504 986 2573 Ap.
1070 2503 1292 2557 κατάστ.
1324 2504 1370 2556 Β
1449 2505 1580 2573 post
1606 2505 1762 2574 βραχ.
1794 2501 1921 2556 add.
1951 2505 2244 2572 κατεηγ(ης
2265 2499 2395 2567 Β)εὶς

394 2574 533 2642 ΜΒ,
560 2576 861 2645 -κατεαγεὶς
873 2575 942 2643 V,
971 2592 1076 2629 om.
1097 2576 1201 2645 Ap.
1232 2574 1435 2629 Mochl.
1512 2573 1791 2629 ἐπιδέεται
1812 2572 1989 2638 codd„
2021 2581 2193 2627 -εῑται
2209 2568 2390 2625 Mochl.

463 2646 640 2716 ἠγουν
679 2647 1034 2716 ἐπιδεομενος
1071 2664 1452 2700 κατατεινεται
1488 2646 1524 2699 i.
1554 2664 1626 2698 m.
1656 2645 1754 2699 inf.
1793 2645 1868 2697 B⁴
1985 2650 2017 2697 2
2056 2643 2231 2698 οὕτω.
2253 2685 2264 2696 .
2287 2638 2406 2710 .μέ-,

393 2737 489 2785 ρος
526 2735 631 2772 om.
671 2718 774 2787 Ap.
887 2724 917 2771 3
956 2717 1196 2785 πλευρὸν
1233 2716 1310 2783 Μ,
1333 2715 1407 2770 ,τὸ
1436 2720 1523 2770 πλ.
1554 2716 1606 2769 V
1714 2722 1747 2769 4
1783 2715 2107 2785 καθάρσιας
2142 2714 2243 2783 Ap.
2313 2710 2390 2765 ἐπὶ

389 2791 583 2843 πλεῖον
610 2807 712 2857 pro
744 2786 826 2843 ὅτι
853 2792 1109 2844 πλεῖστον
1145 2788 1249 2856 Ap.
1364 2792 1394 2840 5
1431 2787 1685 2857 περιάγει
1711 2788 1815 2856 Ap.
1928 2792 1959 2841 6
1996 2786 2096 2840 καὶ
2132 2787 2189 2848 ἐς
2214 2783 2390 2852 ὠήθην

390 2877 491 2928 pro
521 2882 569 2914 κ.
600 2860 674 2931 μὴ
705 2861 762 2922 ἐς
790 2861 932 2915 εὐθὺ
960 2861 1064 2929 Ap.
1156 2865 1206 2913 <7
1239 2857 1508 2926 ἑκατέραν
1535 2876 1636 2928 pro
1667 2855 1754 2928 ἐφ’
1787 2858 1862 2912 ἑκ.
1891 2857 1995 2926 Ap.
2109 2862 2141 2910 8
2178 2856 2273 2910 καὶ
2297 2870 2386 2908 om.

391 2930 495 2997 Ap.
580 2929 931 3001 ἐπιστρέψεις
976 2926 1096 2983 MV
1176 2928 1425 2991 τουτέοις
1471 2929 1688 2984 codd.·'
1814 2934 1881 2982 10
1928 2926 2115 2997 ὀλίγον
2151 2926 2268 2981 MV
2305 2962 2314 2977 .

394 3006 459 3054 12
496 3003 595 3055 καὶ
632 3003 821 3069 codd.‚
859 3019 964 3056 om.
1007 3002 1168 3056 codd.
1206 3003 1268 3055 in
1304 3000 1537 3068 Mochl.‚
1585 3000 1691 3056 del.
1730 3000 1878 3055 Erm.
2028 3005 2095 3053 14
2152 2993 2385 3056 ὀθονίοις

389 3071 434 3124 Β
582 3078 649 3126 15
701 3072 1064 3141 ναρθειτικόν
1101 3074 1174 3140 Β,
1211 3094 1245 3128 ν
1281 3072 1543 3141 praefixiss
1578 3072 1653 3125 B⁸
1807 3077 1873 3126 16
1921 3071 2384 3140 παλιγκοτώτατον

390 3143 476 3196 tit.
516 3143 577 3195 in
612 3161 788 3214 marg.
829 3162 949 3213 sup.
989 3144 1049 3197 M
1117 3147 1530 3213 παλιγκοτατον
1563 3144 1613 3197 Β
1694 3151 2014 3210 πυρετοῖσιν
2053 3145 2107 3212 (ν
2145 3140 2249 3210 Μ’)
2281 3132 2384 3191 MV

480 3214 715 3277 ὀδύναις
749 3216 812 3282 Β,
852 3215 1188 3286 ὀδύνησι(ν’)
1226 3216 1286 3269 Μ
1432 3220 1496 3268 17
1537 3216 1742 3270 ἀσώδει
1769 3215 1860 3281 B1,
1896 3215 2035 3267 mut.
2074 3213 2136 3269 in
2169 3210 2385 3293 &⁶156qu

387 3284 485 3350 B⁸,'
518 3285 693 3356 ὀδύνῃ
731 3287 936 3340 ἀσώδει·
971 3287 1133 3354 Ιιῑίὺὺ.,
1172 3287 1422 3358 ὀδύνῃσι,
1458 3295 1747 3354 πυρετοῖσι
1791 3285 2055 3351 ἀσώδεσι,
2102 3286 2381 3352 ἀκρητοχθ-

387 3358 530 3409 λοισι
568 3355 714 3408 Erm.
789 3355 1033 3410 τούπίσω
1071 3357 1191 3412 MV
1336 3363 1401 3411 18
1437 3357 1668 3428 τοῦμπρ.
1708 3357 1826 3411 MV
1971 3360 2036 3409 19
2086 3356 2383 3410 §navarrae

386 3426 512 3494 Ap.‚
551 3424 860 3481 ἐκτείναντι
903 3430 1039 3482 mut.
1087 3429 1148 3481 in
1192 3449 1257 3482 -α
1304 3428 1364 3481 Μ
1542 3435 1610 3482 20
1656 3436 1981 3483 κατατεῖναι
2028 3426 2256 3494 MVAp.
2322 3416 2379 3471 οὗ

388 3538 402 3549 .
434 3539 445 3549 .
480 3538 490 3548 .
525 3494 790 3550 ἐκτείνειν
829 3514 933 3550 om.
973 3498 1024 3552 V
1096 3498 1362 3555 ἐκτείνειν
1392 3544 1402 3555 .
1437 3545 1447 3555 .
1481 3543 1491 3553 .
1524 3501 1800 3555 δύνανται
1838 3517 1943 3561 om.
1973 3498 2077 3566 Ap.
