2588 3876
317 138 401 202 14
569 142 743 191 ΠΕΡΙ
777 140 925 191 ΤΩΝ
960 141 1057 191 ΕΝ
1092 140 1428 191 ΚΕΦΑΛῙΠ
1462 137 1852 189 ΤΡΩΜΑΤΩΝ
1892 140 1973 189 11.
2007 141 2071 188 12

310 299 517 385 βαρέα
561 298 670 365 καὶ
716 300 995 384 σκληρά·
1060 297 1170 364 καὶ
1223 300 1346 383 τὴν
1401 299 1609 384 σάρκα
1652 307 1859 364 ταῦτα
1913 304 2051 386 φλᾷ
2096 323 2167 365 τε
2222 298 2342 365 καὶ.

310 407 632 491 πέπειραν
675 416 853 471 ποιεῖ
895 403 1006 471 καὶ
1052 408 1306 471 κόπτει·
1371 404 1481 471 καὶ
1534 407 1616 471 τὰ
1669 405 1863 471 ἕλκεα
1904 408 2155 489 γίνεται
2199 407 2338 472 ὑπὸ
2388 422 2392 427 ’

310 524 444 579 τῶν
501 513 824 578 τοιούτων
881 510 1132 595 βελέων
1189 509 1256 589 ἔς
1319 536 1389 577 τε
1452 513 1738 595 πλάγιον
1798 511 1909 577 καὶ
1974 511 2051 578 ἐν
2110 512 2351 602 κύκλῳ

310 620 638 685 ὑπόκοιλα
677 617 787 684 καὶ
826 619 1075 687 διάπυά
1109 642 1179 683 τε
1214 624 1471 704 μᾶλλον
1507 621 1760 702 γίνεται
1794 618 1906 684 καὶ
1939 619 2115 705 ὑγρά
2151 618 2346 686 ἐστιν

259 752 284 791 5
312 725 422 794 καὶ
467 724 576 792 ἐπὶ
629 725 880 791 πλέονα
932 728 1180 810 χρόνον
1231 727 1638 811 καθαίρεται.
1729 725 1979 809 ἀνάγκη
2035 727 2161 812 γὰρ
2217 729 2341 803 τὰς

313 834 557 919 σάρκας
599 835 715 910 τὰς
760 834 1173 916 φλασθείσας
1222 831 1335 898 καὶ
1380 835 1689 909 κοπείσας
1741 842 1920 898 πῦον
1974 832 2340 917 γενομένας

311 939 675 1023 ἑκτακῆναι.
764 941 846 1004 τὰ
891 939 966 1004 δὲ
1010 939 1205 1022 βέλεα
1248 941 1330 1003 τὰ
1374 943 1711 1025 προμήκεα
1756 938 1866 1005 ἐπὶ
1910 943 2083 1005 πολὺ
2129 942 2338 1006 λεπτὰ

311 1046 506 1112 ἐόντα
567 1044 677 1112 καὶ
734 1044 884 1123 ὀξέα
945 1044 1057 1111 καὶ
1120 1054 1345 1130 κοῦφα
1397 1050 1522 1130 τήν
1581 1070 1652 1111 τε
1718 1047 1926 1132 σάρκα
1990 1047 2341 1131 διατάμνει

310 1159 565 1239 μᾶλλον
626 1152 667 1235 ἢ
724 1158 862 1239 φλᾷ
926 1151 1037 1218 καὶ
1099 1155 1175 1218 τὸ
1240 1151 1476 1217 ὀστέον
1530 1153 1872 1230 ὡσαύτως·
1958 1152 2068 1219 καὶ
2126 1152 2342 1239 ἕδρην

232 1289 284 1328 10
309 1261 433 1346 μὲν
477 1259 735 1344 ἐμποιεῖ
796 1260 956 1324 αὐτὸ
1011 1257 1122 1324 καὶ
1182 1260 1513 1337 διακόψαν
1558 1297 1642 1305 -
1691 1260 1974 1345 διακοπὴ
2033 1261 2158 1345 γὰρ
2218 1258 2333 1325 καὶ

311 1368 467 1452 ἕδρη
521 1367 789 1432 τωύτόν
833 1365 972 1431 ἐστι
1016 1404 1133 1449 -,
1190 1371 1328 1451 φλᾷ
1375 1366 1451 1430 δὲ
1496 1366 1578 1430 οὐ
1623 1366 1797 1451 μάλα
1840 1368 1915 1431 τὸ
1964 1366 2198 1432 ὀστέον
2250 1369 2340 1431 τα

309 1482 582 1538 τοιαῦτα
624 1473 819 1556 βέλεα
865 1472 1025 1538 οὐδὲ
1071 1473 1395 1558 ῥήγνυσιν
1443 1471 1588 1537 οὐδ’
1643 1471 1717 1538 ἐκ
1760 1483 1875 1558 τῆς
1921 1474 2165 1557 φύσιος
2200 1470 2337 1565 ἔσω.

311 1578 542 1665 ἐσφλᾷ.

434 1685 630 1751 Ἀλλὰ
687 1687 810 1772 χρὴ
868 1687 1037 1771 πρὸς
1093 1695 1174 1770 τῇ
1234 1688 1385 1763 όψει
1442 1695 1522 1771 τῇ
1582 1685 1833 1752 ἑωυτοῦ
1889 1688 1924 1752 ὅ
1970 1710 2036 1752 τι
2091 1688 2176 1752 ἄν
2221 1705 2341 1752 σοι

232 1819 281 1859 15
311 1794 624 1876 φαίνηται
669 1791 744 1858 ἐν
787 1801 878 1881 τῷ
922 1791 1124 1880 ὀστέῳ
1168 1789 1280 1856 καὶ
1327 1790 1647 1877 ἐρώτησιν
1683 1800 2026 1858 ποιεῖσθαι
2061 1795 2345 1859 πάντων

306 1900 580 1965 τούτων.
683 1908 804 1965 τοῦ
869 1900 994 1984 γὰρ
1060 1900 1316 1984 μᾶλλόν
1377 1922 1449 1964 τε
1511 1895 1621 1964 καὶ
1683 1894 1892 1984 ἧσσον
1953 1900 2338 1985 τρωθέντος

307 2007 512 2071 ταῦτά
555 2004 692 2071 ἐστι
725 2016 974 2090 ,σημεῖα
1016 2002 1127 2070 καὶ
1172 2005 1258 2088 ἢν
1308 2004 1343 2070 ὁ
1390 2004 1675 2089 τρωθεὶς
1710 2014 1986 2093 καρωθῇ
2031 2005 2140 2072 καὶ
2178 2011 2334 2073 σκό-

269 2137 421 2202 ,τος
465 2119 797 2197 περιχυθῇ
843 2110 951 2177 καὶ
996 2110 1084 2194 ἢν
1128 2113 1315 2189 δῖνος
1359 2109 1473 2198 ἔχῃ
1520 2111 1629 2178 καὶ
1673 2111 1899 2200 πέσῃ.Ι

203 2250 305 2297 222
446 2237 545 2301 12.
602 2234 873 2301 Ὁκόταν
918 2236 993 2301 δὲ
1036 2237 1199 2322 τύχῃ
1243 2237 1547 2314 ψιλωθὲν
1601 2238 1675 2301 τὸ
1724 2236 1957 2302 ὀστέον
2009 2247 2124 2322 τῆς
2171 2255 2345 2323 σαρ-’

228 2370 281 2410 20
307 2344 422 2420 κὸς
465 2343 596 2407 ὑπὸ
644 2352 767 2408 τοῦ
818 2343 1046 2426 βέλεος
1098 2341 1210 2407 καὶ
1263 2344 1429 2429 τύχῃ
1486 2342 1627 2408 κατ’
1681 2343 1881 2421 αὐτὰς
1938 2345 2053 2420 τὰς
2111 2345 2336 2429 ῥαφὰς

307 2453 671 2535 γενόμενον
726 2452 801 2515 τὸ
861 2448 1078 2533 ἕλκος,
1143 2450 1434 2534 χαλεπὸν
1490 2451 1740 2532 γίνεται
1792 2448 1902 2515 καὶ
1955 2451 2077 2533 τὴν
2121 2449 2332 2535 ἕδρην

305 2566 425 2622 τοῦ
471 2557 697 2640 βέλεος
744 2557 1134 2642 φράσασθαι
1177 2557 1302 2640 τὴν
1342 2554 1416 2621 ἐν
1450 2563 1541 2641 τῷ
1572 2558 1746 2644 ἄλλῳ
1784 2555 1989 2643 ὀστέῳ
2028 2559 2333 2641 φανερὴν

307 2664 690 2748 γενομένην,
738 2661 851 2727 εἴτ’
905 2660 1162 2727 ἔνεστιν
1208 2661 1284 2727 ἐν
1327 2670 1418 2750 τῷ
1458 2661 1684 2750 ὀστέω,
1740 2668 1869 2727 εἰτε
1912 2664 2001 2747 μὴ
2047 2660 2329 2748 ἔνεστιν,

451 2878 478 2925 1
520 2876 714 2941 φλεται
739 2850 803 2939 Β,
842 2875 1050 2941 φλᾶται
1076 2872 1144 2939 V,
1181 2874 1297 2948 ‹pss-9⁰5
1323 2891 1383 2927 τε
1409 2872 1555 2926 Erm.
1584 2873 1733 2927 th
1841 2879 1871 2926 2
1908 2871 2106 2941 πέπειρ
2108 2893 2175 2928 ον
2203 2871 2256 2926 V

305 2942 484 2998 ποιέει
520 2944 679 2997 codd.
790 2950 824 2996 3
858 2963 1155 2999 τοιουτεων
1189 2944 1235 2996 Β
1339 2943 1395 3006 ἐς
1428 2943 1491 2997 τὸ
1528 2948 1615 2997 πλ.
1655 2943 1707 2997 V
1813 2950 1848 2997 4
1886 2893 2197 2999 ὑπόκοιλα.
2227 2946 2330 3000 καὶ

306 3014 543 3070 διάποιά
577 3014 623 3066 Β
731 3012 990 3084 γίγνεται
1002 3014 1059 3067 Β
1169 3013 1283 3069 ἐστι
1311 3014 1363 3068 V
1479 3015 1639 3070 ἐστιν.
1677 3015 1723 3067 Β
1871 3020 1901 3067 5
1938 3019 2119 3083 καθερ
2123 3034 2243 3070 εται
2278 3016 2344 3067 Β

407 3091 438 3139 6
472 3104 616 3148 πυος
649 3085 712 3150 Β,
763 3086 909 3140 πύον
945 3084 997 3140 V
1168 3090 1197 3138 7
1235 3086 1333 3140 καὶ
1367 3101 1469 3155 pro
1506 3085 1577 3140 τὰ
1614 3088 1745 3139 ante
1781 3104 1944 3155 προμ.
2098 3090 2130 3138 8
2170 3085 2357 3151 ὀξεια.

302 3156 351 3209 Β
531 3161 562 3208 9
600 3156 848 3219 ὡσαύτος
881 3156 927 3209 Β
1088 3157 1185 3211 καὶ
1222 3159 1354 3211 ante
1392 3154 1559 3225 ἕδρην
1607 3173 1713 3210 om.
1750 3157 1796 3209 B
1976 3162 2043 3210 10
2082 3157 2108 3211 ἐ
2109 3156 2328 3226 μποιέει

307 3227 465 3280 codd.
541 3224 900 3296 διακόψαντα
927 3227 1074 3280 Erm.
1149 3228 1299 3299 αὐτῷ
1327 3228 1425 3282 καὶ
1452 3227 1695 3297 διακοπὴ
1699 3250 1734 3284 ν
1759 3228 1903 3281 th.
2017 3233 2081 3280 13
2109 3177 2247 3282 εἴσω
2277 3228 2324 3280 Β

414 3304 480 3352 14
520 3296 755 3353 ἑωυτέου
790 3298 836 3351 Β
948 3303 1013 3352 15
1049 3296 1222 3353 ποιέε.
1253 3281 1412 3352 codd.
1525 3304 1591 3352 16
1626 3318 1868 3353 τουτεων
1899 3299 1945 3352 Β
2057 3304 2121 3351 17
2157 3296 2320 3352 ταῦτ’

304 3369 355 3423 V
549 3373 614 3423 18
651 3370 747 3423 καὶ
784 3367 942 3432 δίνος
986 3366 1077 3439 (ην
1114 3372 1241 3441 om.)
1277 3367 1331 3423 V
1471 3390 1506 3438 η
1552 3386 1653 3439 pro
1694 3370 1788 3442 ἔχῃ
1826 3369 1878 3423 V
2022 3369 2136 3441 ἔχει
2169 3369 2215 3421 Β
2332 3390 2335 3392 ’

307 3447 373 3494 19
411 3438 547 3497 ὅταν
584 3438 637 3494 V
761 3446 826 3497 21
865 3438 1112 3511 γίγνεται
1146 3440 1192 3493 Β
1358 3446 1423 3494 22
1463 3440 1781 3510 φράσεσθαι
1807 3441 1853 3494 Β
1999 3446 2066 3494 23
2103 3438 2334 3511 γινομέῆ

304 3534 409 3583 νην
445 3511 497 3567 V
604 3510 957 3581 ενέστιμεντω
993 3511 1039 3564 Β
2336 3562 2341 3567 ,
