2588 3876
902 83 1069 139 KAT’
1107 89 1455 141 IHTPEION
1491 92 1524 140 3
2139 84 2221 149 31

226 249 526 330 τεχνητὸν
575 247 686 314 καὶ
739 248 848 334 ἐφ’
890 249 1068 334 ἡμῖν.
1157 244 1254 315 ὧν
1301 247 1611 335 ἑκατέρου
1660 250 1785 315 δύο
1833 250 1900 313 αὶ
1945 250 2227 335 χρήσιες,

224 351 264 435 ἢ
305 355 464 439 πρὸς
509 355 721 440 αὐγὴν
754 355 795 441 ἦ
832 354 945 422 ὑπ’
990 357 1223 443 αὐγήν.
1296 355 1409 421 ὑπ’
1454 356 1671 440 αὐγὴν
1714 352 1837 438 μὲν
1873 350 2000 421 οὖν
2036 355 2226 440 ὀλίγη

223 483 290 523 τε
338 460 378 544 ἡ
432 471 660 547 χρῆσις
712 465 1095 547 καταφανής
1147 486 1217 528 τε
1262 464 1305 548 ἡ
1358 467 1718 550 μετριότης.
1807 462 1888 527 τὰ
1936 458 2010 527 δὲ
2063 463 2230 548 πρὸς

226 555 445 653 αὐγήν,
508 568 580 635 ἐκ
642 579 777 636 τῶν
838 568 1287 656 παρεουσέων,
1361 569 1434 636 ἐκ
1500 582 1635 636 τῶν
1709 567 2231 655 συμφερουσέων

225 672 470 756 αὐγέων
513 676 679 761 πρὸς
713 677 837 760 τὴν
873 677 1337 763 λαμπροτάτην
1372 676 1637 761 τρέπειν
1672 677 1747 740 τὸ
1784 678 2232 763 χειριζόμενον
2283 697 2308 737 ε

225 817 305 826 -
337 782 509 865 πλὴν
553 782 758 848 ὁκόσα
802 782 843 867 ’ἢ
882 789 1120 848 λαθεῖν
1161 784 1264 847 δεῖ
1299 781 1340 866 ἢ
1378 783 1544 868 ὁρᾶν
1589 785 1866 870 αἰσχρόν
1900 820 2010 867 -,
2056 782 2228 847 οὕτω

224 887 292 952 δὲ
331 889 404 953 τὸ
448 886 571 971 μὲν
613 892 1066 975 χειριζόμενον
1112 889 1419 956 ἐναντίον
1462 899 1541 977 τῇ
1590 890 1781 976 αὐγῇ,
1825 891 1945 956 τὸν
1982 884 2056 954 δὲ
2101 912 2232 973 χει-

221 996 473 1078 ρίζοντα
527 994 835 1061 ἐναντίον
887 1005 979 1086 τῷ
1027 994 1467 1085 χαριζομένῳ,
1521 998 1698 1080 πλὴν
1743 997 1910 1062 ὥστε
1963 996 2051 1079 μὴ
2095 993 2233 1060 ἐπι-

132 1184 135 1189 .
220 1102 563 1181 σκοτάζειν.
653 1102 866 1180 οὕτως
905 1103 914 1187 Ι
953 1104 1082 1190 γὰρ
1137 1102 1224 1170 ἂν
1269 1103 1306 1170 ὁ
1352 1100 1475 1188 μὲν
1529 1104 1711 1190 δρῶν
1757 1101 1963 1192 ὁρῴη,
2019 1102 2093 1167 τὸ
2141 1097 2214 1165 δὲ
2233 1114 2337 1162 280

219 1211 660 1293 χειριζόμενον
705 1208 827 1294 οὐχ
874 1209 1101 1298 ὁρῷτο.
2259 1231 2312 1271 10

345 1317 530 1401 Πρὸς
577 1313 828 1381 ἑωυτὸν
874 1315 967 1400 δέ,
1014 1316 1368 1405 καθημένῳ
1410 1316 1535 1399 μὲν
1576 1317 1779 1392 πόδες
1822 1314 1891 1392 ἐς
1925 1317 2049 1399 τὴν
2093 1314 2230 1378 ἄνω

221 1418 344 1497 ἴξιν
393 1419 533 1488 κατ’
597 1423 720 1488 ἰθὺ
769 1424 1123 1505 γούνασιν·
1183 1423 1533 1488 διάστασιν
1583 1420 1656 1488 δὲ
1705 1423 1938 1507 ὀλίγον
1993 1424 2234 1504 συμβε-

218 1529 436 1609 βῶτες“
492 1530 789 1612 γούνατα
833 1525 908 1594 δὲ
954 1527 1257 1615 ἀνωτέρω
1313 1530 1684 1611 βουβώνων
1736 1532 2037 1616 σμικρόν,
2091 1529 2233 1593 διά-

220 1650 443 1702 στασιν
510 1634 615 1720 δέ,
681 1635 1003 1721 ἀγκῶσιν,
1066 1635 1256 1702 θέσει
1319 1634 1426 1700 καὶ
1495 1634 1879 1722 παραθέσει.
1972 1635 2234 1720 ἱμάτιον

219 1739 593 1826 εὐσταλέως,
640 1741 1013 1828 εὐκρινέως,
1062 1748 1237 1826 ἴσως,
1285 1741 1548 1826 ὁμοίως,
1585 1741 1898 1826 ἀγκῶσιν,
1940 1742 2235 1824 ὤμοισιν.
2263 1756 2313 1797 1⁵

347 1850 536 1935 Πρὸς
600 1848 674 1914 δὲ
736 1849 812 1914 τὸ
876 1851 1325 1935 χειριζόμενον
1386 1858 1508 1914 τοῦ
1572 1851 1799 1933 πρόσω
1864 1846 1976 1913 καὶ
2040 1845 2237 1931 ἐγγὺς

221 1953 406 2040 ὄριον
447 1954 564 2021 καὶ
609 1964 730 2021 τοῦ
777 1956 913 2021 ἄνω
961 1955 1071 2021 καὶ
1116 1966 1238 2022 τοῦ
1283 1958 1478 2041 κάτω,
1523 1954 1635 2022 καὶ
1675 1953 1848 2021 ἔνθα
1892 1955 1933 2040 ἢ
1979 1958 2151 2022 ἔνθα
2194 1953 2235 2039 ἦ

218 2060 432 2141 μέσον.
528 2070 649 2127 τοῦ
695 2062 819 2146 μὲν
871 2065 1098 2148 πρόσω
1144 2061 1256 2128 καὶ
1313 2063 1509 2148 ἐγγὺς
1559 2063 1769 2148 ὅριον,
1823 2061 2126 2147 ἀγκῶνας
2171 2060 2238 2139 ἐς

219 2168 332 2248 μὲν
375 2170 457 2234 τὸ
494 2172 801 2256 πρόσθεν
836 2170 1131 2254 γούνατα
1166 2170 1254 2255 μὴ
1292 2169 1608 2254 ἀμείβειν,
1655 2168 1723 2246 ἐς
1760 2167 1834 2234 δὲ
1869 2170 2238 2235 τοῦπισθεν

217 2275 530 2363 πλευράς·
575 2284 696 2340 τοῦ
735 2272 811 2341 δὲ
846 2276 982 2341 ἄνω
1012 2277 1099 2361 μὴ
1127 2275 1433 2360 ἀνωτέρω
1462 2280 1682 2361 μαζῶν
1709 2276 1911 2363 ἄκρας
1951 2277 1959 2360 Ι
1999 2286 2221 2361 χεῖρας
2239 2279 2341 2328 282

357 2473 385 2521 1
431 2469 620 2523 δισσαὶ
655 2483 757 2537 pro
786 2469 889 2523 δύο
918 2468 978 2522 αἱ
1006 2468 1058 2523 V
1086 2471 1145 2523 et
1170 2485 1277 2523 rec.
1390 2475 1421 2522 2
1461 2467 1497 2538 ἢ
1524 2466 1624 2524 ὑπ’
1658 2470 1747 2523 αὖ.
1778 2467 1813 2538 ἣ
1840 2469 1984 2538 πρὸς
2010 2469 2101 2522 αὖ.
2129 2467 2239 2521 BV

284 2544 318 2592 4
342 2547 678 2608 παρεουσῶν
705 2538 814 2592 BV
884 2540 1052 2610 ξυμφ.
1083 2540 1259 2607 codd„
1290 2541 1490 2610 scripsi
1517 2558 1562 2596 σ.
1665 2545 1697 2595 5
1724 2544 1794 2594 λα
1878 2539 2081 2609 ρότητα
2107 2538 2167 2591 Μ

220 2614 249 2662 6
285 2607 320 2679 ἣ
349 2611 487 2665 ante
514 2613 645 2664 λαθ.
677 2627 781 2663 om.
812 2610 872 2663 M
945 2610 1082 2681 ὁρῆν
1111 2611 1269 2665 codd.
1345 2611 1488 2667 οὕτω
1518 2610 1581 2667 δὲ
1609 2628 1714 2666 om.
1742 2610 1794 2664 R
1837 2611 1887 2665 d.
2001 2616 2030 2663 7
2066 2610 2130 2665 τὸ
2154 2653 2164 2663 .
2188 2652 2200 2663 .
2227 2654 2237 2664 .

220 2682 359 2752 αὐγῇ
398 2698 507 2735 om.
537 2681 589 2735 V
657 2681 758 2736 τὸν
790 2680 891 2751 μὲν
919 2679 1229 2753 χειρίζοντα
1265 2683 1318 2737 V
1425 2688 1456 2734 9
1495 2685 1586 2738 δεῖ
1607 2698 1708 2752 pro
1738 2679 1810 2738 ἂν
1846 2682 1892 2735 Β
2004 2686 2070 2735 10
2109 2681 2175 2736 οὐ
2217 2678 2235 2699 '

218 2749 268 2803 V
299 2756 366 2806 ut
403 2751 629 2821 saepius
759 2757 821 2806 11
862 2752 962 2823 μὲν
1000 2769 1104 2807 om.
1135 2753 1187 2807 V
1324 2759 1388 2806 12
1426 2749 1495 2818 ἶξ.
1531 2755 1599 2806 ut
1634 2751 1777 2807 solet
1810 2752 1862 2807 V
1934 2753 2078 2808 εὐθὺ
2114 2703 2237 2819 BV,

219 2822 338 2877 Gal.
368 2839 567 2878 comm.
600 2827 702 2877 690
774 2824 1010 2893 γούνασι
1046 2824 1165 2878 MV
1237 2824 1282 2889 ξ.
1314 2823 1381 2890 V,
1410 2824 1795 2896 ξυμβεβαῶτες
1813 2824 1911 2892 Pq.
1989 2828 2054 2877 13
2092 2824 2239 2880 ἀνω-

217 2913 390 2963 τερων
426 2894 492 2961 Β,
531 2892 721 2963 -τέρωι
756 2894 833 2962 Μ,
870 2895 1153 2963 ἀνώτερον
1191 2894 1313 2949 Gal.
1351 2895 1412 2949 in
1450 2895 1542 2949 cit.
1585 2900 1685 2949 700
1831 2901 1898 2948 14
1935 2894 1999 2951 δὲ
2037 2912 2141 2950 om.
2180 2894 2239 2948 M

322 2967 536 3035 ἀγκῶσι
581 2965 666 3031 Μ,
713 2964 1005 3035 ἀγκωσίων
1042 2966 1109 3033 V,
1157 2968 1380 3022 -κώνων
1424 2966 1547 3020 Par.
1587 2966 1631 3020 P
1667 2966 1799 3020 Litt.
1846 2966 1994 3022 ΕΗΒ.
2031 2966 2129 3033 Pq.

218 3039 348 3090 θεσι
382 3037 430 3090 Β
505 3034 737 3105 ἱματίων
774 3036 826 3091 V
959 3043 1023 3092 15
1063 3037 1138 3092 ad
1174 3038 1316 3092 εὐστ.
1353 3038 1391 3092 i.
1428 3056 1501 3093 m.
1538 3036 2005 3108 περιεσταλμένως
2038 3037 2129 3104 13¹,
2168 3037 2238 3091 cf.

218 3106 368 3162 Erot.
401 3112 486 3175 68,
518 3113 585 3160 14
612 3107 719 3174 Κ1.,
760 3108 834 3161 ad
870 3109 1018 3177 εὗκρ.
1047 3108 1083 3162 i.
1114 3127 1185 3162 m.
1221 3107 1655 3179 διακεκριμένως
1684 3108 1759 3162 B²
1832 3107 2034 3179 ὁμοίως
2063 3124 2166 3163 om.
2188 3108 2241 3162 V

324 3180 538 3248 ἀγκῶσι
578 3179 638 3232 Μ
745 3178 975 3249 ὤμοισιν
1011 3180 1222 3250 ἀγκῶσι
1257 3180 1310 3234 V
1454 3187 1518 3235 16
1567 3183 1699 3235 ante
1743 3180 1933 3250 πρόσω
1971 3180 2099 3235 add.
2139 3179 2239 3249 μὲν

222 3265 410 3304 onmes
437 3253 664 3319 praeter
698 3250 750 3304 V
894 3257 959 3304 17
1000 3248 1157 3319 ὅριον
1184 3250 1251 3318 V,
1291 3268 1398 3305 om.
1426 3251 1542 3304 ΒΜ
1571 3254 1674 3306 cet.
1747 3261 1847 3306 τοῦ
1876 3254 1935 3305 et
1961 3253 2092 3305 ante
2120 3251 2238 3306 ἄνω

219 3322 279 3372 et
321 3322 451 3375 anke
488 3320 638 3375 κάτω
678 3338 783 3375 om.
813 3321 873 3374 M
979 3323 1076 3376 καὶ
1112 3319 1147 3391 ἢ
1188 3322 1228 3377 ἔ.
1258 3322 1310 3376 V
1456 3327 1520 3375 18
1558 3323 1596 3377 ἀ
1631 3331 1805 3386 κῶνες
1840 3322 1923 3389 Μ,
1962 3341 2241 3391 αγκωναις

220 3407 321 3458 pro
359 3392 479 3462 ἀγκ.
520 3392 577 3456 ἐς
611 3392 657 3445 Β
805 3396 888 3445 18.
920 3398 984 3446 19
1024 3393 1105 3455 εἰς
1138 3396 1377 3461 utroque
1412 3393 1535 3447 loco
1573 3344 1629 3447 ὅ
1752 3399 1817 3447 19
1853 3390 2152 3461 πρόσωθεν
2188 3390 2239 3443 V

316 3461 637 3535 ἀμείβησθε
674 3462 725 3516 V
794 3463 1068 3519 τούπισθε
1102 3464 1179 3531 Μ,
1216 3464 1280 3519 τὸ
1320 3463 1409 3518 ὄπ.
1447 3464 1499 3518 V
