2588 3876
394 146 521 211 108
1009 150 1184 200 ΠΕΡΙ
1218 148 1476 200 Arnen
1512 152 1599 201 45.
1630 152 1716 201 46.
1748 152 1815 201 47

391 309 640 376 ὀστέων
676 307 859 375 ἐστὶν
894 308 935 393 ἢ
973 300 1110 374 οἶσι
1144 310 1226 375 τὰ
1258 310 1383 391 μὲν
1425 308 1619 376 ὀστέα
1664 309 1745 375 οὐ
1782 310 2209 394 κατάγνυται,
2256 308 2415 394 φλέ-
2531 325 2532 396 ᾗ

389 419 503 500 βες
556 417 632 482 δὲ
692 413 804 481 καὶ
867 424 1073 501 νεῦρα
1130 415 1435 502 ἐπίκαιρα
1495 415 1910 501 ἀμφιφλᾶται
1973 415 2049 482 έν
2113 417 2417 482 τούτοισι
2531 409 2532 488 Ῑ

391 533 567 589 τοῖσι
617 525 947 609 χωρίοισι·
1004 521 1335 608 ἐγγυτέρω
1382 525 1508 610 γὰρ
1554 524 1857 590 θανάτου
1904 524 2165 603 πελάζει
2208 533 2417 589 ταῦτα
2529 513 2532 566 ‘³

392 630 433 714 ἢ
498 628 748 713 ἐκεῖνα,
820 629 904 713 ἢν
967 628 1326 716 ἐκπυρωθῇ
1392 640 1656 714 συνεχεῖ
1717 638 1991 720 πυρετῷ.
2082 629 2277 714 ὀλίγα
2345 654 2417 713 γε

339 761 364 801 5
391 738 524 821 μὴν
567 737 649 801 τὰ
693 744 967 801 τοιαῦτα
1011 740 1390 820 κατήγματα
1434 739 1705 820 γίνεται.
2531 809 2532 838 1

525 843 633 908 46.
697 841 930 908 ’Ἑστιν
987 841 1044 907 δ’
1101 840 1194 908 ὅτ’
1249 843 1414 927 αὐτὴ
1471 844 1514 926 ἡ
1572 846 1827 928 κεφαλὴ
1885 852 2006 909 τοῦ
2059 846 2415 930 βραχίονος
2531 919 2532 930 ¹

289 965 393 1014 558
411 951 577 1015 κατὰ
620 950 742 1033 τὴν
787 946 1136 1036 ἐπίΙφυσιν
1179 949 1607 1032 κατάγνυται·
1651 959 1850 1016 τοῦτο
1897 951 1973 1016 δὲ
2019 949 2260 1016 δοκέον
2304 975 2414 1015 κα-

392 1057 843 1122 κοσινώτατον
906 1051 1080 1121 εἶναι
1140 1063 1365 1145 πολλῷ
1421 1079 1513 1144 τςο
1580 1056 2023 1142 εὐηθέστερον
2075 1067 2213 1122 τῶν
2267 1055 2406 1122 κατ’

393 1162 688 1248 ἀγκῶναι
733 1162 976 1229 σινέων
1021 1162 1221 1229 ἐστίν.

315 1297 368 1337 10
525 1270 632 1334 47.
671 1268 781 1346 Ὡς
824 1266 948 1351 μὲν
994 1265 1121 1335 οὖν
1166 1268 1405 1335 ἕκαστα
1449 1280 1583 1335 τῶν
1630 1269 2097 1354 ὀλισθημάτων
2142 1268 2411 1356 ἁρμόσει
2531 1343 2532 1346 ¹

392 1377 678 1459 μάλιστα
724 1378 1075 1462 ἰητρεύειν,
1120 1375 1512 1461 γέγραπται,
1567 1375 1680 1442 καὶ
1726 1377 1828 1442 ὅτι
1871 1386 2264 1462 παραχρῆμα
2308 1375 2409 1458 έμ-

394 1483 668 1566 βάλλειν
723 1483 1006 1565 μάλιστα
1069 1483 1333 1569 ἄρθρον
1387 1483 1710 1569 συμφέρει
1774 1484 1887 1549 διὰ
1938 1485 2013 1549 τὸ
2061 1484 2260 1568 τάχος
2301 1493 2409 1566 τῆς
2531 1483 2532 1490 '

396 1595 775 1674 φλεγμονῆς
818 1601 954 1655 τῶν
997 1590 1274 1676 νεύρων.
1347 1588 1458 1655 καὶ
1504 1591 1631 1676 γὰρ
1666 1588 1752 1673 ἣν
1790 1589 2151 1656 ἐκπεσόντα
2184 1590 2409 1655 αὐτίκα

396 1694 673 1783 ἐμπέσῃ,
720 1697 895 1778 ὅμως
939 1702 1123 1782 φιλεῖ
1165 1698 1248 1762 τὰ
1290 1690 1499 1783 νεῦρα
1544 1697 1867 1762 σύντασιν
1917 1703 2263 1763 ποιεῖσθαι
2304 1693 2406 1761 καί

318 1828 369 1869 15
396 1804 682 1869 κωλύειν
726 1801 833 1869 ἐπὶ
880 1806 1097 1869 ποσὸν
1143 1806 1391 1896 χρόνον
1447 1806 1571 1887 τήν
1596 1885 1602 1890 ⁹
1627 1827 1697 1869 τε
1742 1801 2028 1888 ἔκτασιν,
2084 1804 2250 1887 ὅσην
2292 1823 2405 1886 περ

396 1910 655 1996 πέφυκε
714 1917 1093 1995 ποιεῖσθαι,
1154 1914 1279 1994 τήν
1338 1933 1408 1976 τε
1466 1911 1864 1994 σύγκαμψιν.
1957 1910 2284 1998 ἰητρεύειν
2340 1906 2405 1973 δὲ

395 2018 611 2082 πάντα
645 2020 1114 2103 παραπλησίως
1149 2018 1229 2081 τὰ
1272 2025 1547 2082 τοιαῦτα
1594 2016 1918 2103 συμφέρει
1952 2015 2064 2082 καὶ
2102 2018 2228 2082 ὅσα
2252 2015 2404 2081 ἀπά-

397 2147 634 2207 γνυται
687 2121 799 2188 καὶ
855 2123 980 2188 ὅσα
1035 2124 1360 2188 διίσταται
1417 2120 1528 2188 καὶ
1590 2124 1714 2189 ὅσα
1768 2123 2145 2189 ὀλισθάνει·
2205 2124 2403 2188 πάντα

397 2231 523 2315 γὰρ
569 2231 692 2315 χρὴ
740 2228 1078 2295 ὀθονίοισι
1122 2236 1430 2296 πολλοῖσι
1482 2229 1593 2295 καὶ
1616 2276 1620 2280 -
1640 2234 1958 2314 σπλήνεσι
2001 2229 2114 2296 καὶ
2158 2238 2400 2315 κηρωτῇ

318 2364 372 2403 20
400 2337 747 2422 ἰητρεύειν,
794 2336 1014 2422 ὥσπερ
1058 2334 1170 2401 καὶ
1214 2337 1297 2401 τὰ
1341 2337 1509 2401 ἄλλα
1551 2339 1944 2421 κατήγματα.
2018 2337 2096 2402 τὸ
2144 2337 2220 2402 δὲ
2262 2344 2400 2419 σχῆ-

394 2467 486 2525 μα
530 2450 651 2509 τοῦ
709 2442 1009 2527 ἀγκῶνος
1063 2441 1138 2508 ἐν
1190 2444 1489 2509 τούτοισι
1553 2444 1635 2527 δὴ
1699 2442 1811 2508 καὶ
1874 2443 2248 2509 παντάπασι
2289 2442 2399 2526 χρὴ

538 2712 570 2759 3
635 2703 884 2774 ωρίοισιν
902 2704 1024 2759 MV
1083 2704 1398 2771 πελάζεινΒ
1498 2712 1533 2760 4
1560 2708 1740 2779 ξυνεχ.
1763 2706 1922 2761 codd.
2025 2711 2056 2760 5
2084 2706 2157 2760 τὰ
2175 2704 2332 2760 om.B

398 2783 429 2831 6
469 2777 582 2831 ἔστι
600 2728 738 2830 χΜΨ
818 2776 880 2833 δὲ
908 2774 961 2830 V
1033 2774 1123 2832 ὅτε
1158 2778 1278 2831 MV
1361 2776 1499 2846 αὕτη
1538 2777 1659 2831 MV
1813 2783 1842 2831 7
1879 2777 2258 2848 κατάγνυνται
2289 2774 2335 2828 V
2372 2848 2391 2859 ο

398 2846 540 2903 οὕτω
590 2847 651 2902 δὲ
699 2847 912 2904 δοκέων
948 2847 1069 2902 MV
1248 2854 1281 2902 8
1318 2851 1759 2916 κακοσινώτερον
1796 2847 1921 2903 MV
2017 2852 2201 2922 πολλᾷ)
2241 2848 2401 2901 πολλω
2523 2904 2524 2911 ¹

395 2918 490 2971 vul
533 2961 562 2984 .,
604 2918 843 2973 alterum
877 2938 937 2973 π.
977 2937 1082 2974 om.
1121 2919 1300 2973 BMV
1405 2940 1482 2974 τω
1520 2920 1621 2986 13¹,
1670 2919 1762 2973 del
1798 2920 1874 2973 13³
1910 2922 1969 2973 et
2015 2937 2085 2974 ss.
2123 2938 2257 2985 τινι,
2297 2899 2392 2970 τινὶ
2523 2916 2524 2931 ’

396 2989 457 3042 M
662 2995 728 3042 10
765 2989 1029 3060 ἅρμόσσει
1073 2991 1225 3045 Parr.
1264 2990 1468 3044 FHIK
1510 2991 1675 3059 Bosq.
1728 2992 1860 3044 Litt.
2010 2996 2073 3044 11
2114 2993 2244 3044 ante
2286 2985 2388 3057 μάλ

398 3059 526 3113 add.
568 3059 594 3114 ἐ
670 3059 853 3116 άλλειν
890 3060 1026 3127 ΜΨ,
1065 3079 1169 3115 om.
1209 3062 1254 3113 B
1384 3067 1450 3115 12
1488 3062 1654 3132 ξυμφ.
1693 3061 1815 3115 MV
1950 3068 2018 3116 14
2057 3060 2268 3118 ἐνπέσει
2293 3059 2333 3112 Β

398 3128 603 3201 ὁμοίως
705 3131 757 3186 V
849 3131 1024 3201 φιλέει
1063 3132 1221 3186 codd.
1317 3133 1464 3198 ξύντ.
1504 3133 1625 3187 MV
1722 3131 2020 3188 ποιέεσθαι
2056 3133 2152 3187 hic
2188 3134 2244 3186 et
2273 3131 2307 3184 1.
2336 3131 2388 3180 16

399 3201 557 3256 codd.
708 3207 774 3254 15
811 3201 991 3257 πόσον
1028 3202 1149 3257 ΜΨ
1296 3209 1361 3258 16
1402 3202 1578 3274 φιλέει
1614 3221 1716 3273 pro
1753 3202 1885 3275 πέφ.
1925 3202 2047 3258 MV
2118 3204 2264 3275 ξύγκ.
2298 3196 2390 3253 ΜΨ

544 3277 608 3325 17
647 3272 824 3326 ταύτὰ
859 3272 936 3339 Μ,
972 3282 1149 3328 ταῦτα
1186 3273 1238 3328 Ψ
1272 3292 1377 3344 pro
1414 3275 1486 3330 τὰ
1521 3284 1756 3331 τοιαῦτα
1846 3277 2012 3347 ξυμφ.
2052 3275 2173 3328 ΜΨ
2242 3270 2389 3328 ὁκόσα

399 3377 535 3446 ΜΨ,
585 3378 759 3430 etiam
795 3377 972 3433 altero
1010 3395 1076 3432 ac
1111 3381 1279 3436 tertio
1317 3382 1439 3437 loco
1479 3382 1562 3437 ὁκ.
1601 3382 1662 3435 Μ
1843 3386 2068 3436 17-18
2110 3347 2387 3450 ἀῗιῗινυται,

401 3466 472 3503 ss,
520 3449 611 3515 13³,
668 3446 788 3518 ἄγν.
836 3448 961 3502 ΜΨ
1105 3456 1170 3505 19
1218 3451 1513 3520 σπλήνεσιν
1559 3454 1619 3506 Μ
1763 3459 1832 3509 20
1876 3450 1932 3507 τ’
1973 3453 2113 3508 ἄλλα
2156 3451 2271 3507 ΜΨ
2321 3498 2327 3504 .

404 3525 470 3573 21
511 3524 602 3576 δεῖ
633 3519 732 3572 καὶ
766 3518 818 3573 Ψ
889 3520 993 3590 χρὴ
1031 3538 1136 3577 om.
1174 3521 1241 3589 V,
1279 3524 1372 3578 δεῖ
1403 3542 1504 3593 pro
1542 3525 1647 3597 χρὴ
1684 3525 1744 3578 Μ
