2588 3876
35 0 82 197 A?

30 136 37 153 f

9 156 35 355 ᾧ

298 156 381 219 10
524 159 698 209 ΠΕΡΙ
732 156 879 209 ΤΩΝ
914 158 1012 208 ΕΝ
1047 157 1383 207 ΚΕΦΑΛΗΙ
1418 155 1809 206 ΤΡΩΜΑΤΩΝ
1855 158 1902 206 8.
1935 159 1982 207 9.
2015 158 2081 206 10

291 318 454 384 οὐδὲ
498 320 624 402 γὰρ
673 320 732 383 εἰ
769 317 1110 382 πέπονθεν
1143 318 1218 382 τὸ
1256 318 1465 382 κακὸν
1499 326 1719 399 τοῦτο,
1766 316 1889 381 οὐκ
1926 318 2108 381 ἔστιν
2145 317 2318 393 ὅκως

293 427 416 511 χρὴ
463 425 669 490 αὐτὸν
714 423 1133 507 ἐξελέγξαντα
1179 423 1456 507 εἰδέναι,
1517 425 1575 488 εἰ
1624 422 1923 488 πέπονθε
1976 423 2051 487 τὸ
2107 424 2319 488 κακὸν

292 541 489 597 τοῦτο
536 533 926 617 ὥνθρωπος,
974 530 1134 596 οὐδὲ
1180 531 1326 596 ὅκοι
1370 540 1485 614 τῆς
1528 536 1835 614 κεφαλῆς.

426 640 486 703 9.
567 639 837 703 Τούτων
895 648 1029 703 τῶν
1085 640 1352 723 τρόπων
1415 646 1528 720 τῆς
1590 636 1892 720 κατήξιος
1955 635 2022 714 ἐς
2084 638 2319 720 πρίσιν

239 771 264 811 ⁵
294 745 534 829 ἀφήκει
577 746 620 828 ἤ
665 769 735 810 τε
781 745 1022 829 φλάσις
1065 744 1106 828 ἡ
1153 743 1415 829 ἀφανὴς
1462 745 1633 809 ἰδεῖν
1682 741 1791 809 καὶ
1836 746 1923 828 ῆν
1967 766 2096 819 κως
2150 743 2314 829 τύχῃ

295 854 548 938 φανερὴ
594 851 938 936 γενομένη,
983 849 1094 916 καὶ
1139 853 1180 935 ἡ
1228 851 1455 938 ρωγμὴ
1500 850 1542 934 ἡ
1582 850 1840 935 ἀφανὴς
1863 850 2048 915 ’ἰδεῖν
2083 847 2194 914 καὶ
2232 849 2317 933 ἣν

295 960 548 1044 φανερὴ
593 952 653 1043 ᾗ.
743 956 852 1023 καὶ
897 956 984 1040 ἣν
1027 956 1224 1043 ἕδρης
1269 956 1629 1042 γενομένης
1673 965 1793 1021 τοῦ
1839 955 2066 1040 βέλεος
2112 954 2188 1021 ἐν
2232 948 2324 1043 τῷ

296 1065 497 1153 ὀστέῳ
543 1065 987 1151 προσγένηται
1032 1065 1259 1150 ρωγμὴ
1305 1062 1416 1129 καὶ
1462 1064 1703 1148 φλάσις
1741 1073 1820 1150 τῆ
1856 1062 2038 1148 ἕδρῃ,
2083 1060 2195 1127 καὶ
2232 1063 2316 1147 ἢν

293 1174 535 1257 φλάσις
579 1171 793 1256 μούνη
841 1169 1284 1255 προσγένηται
1331 1172 1493 1235 ἄνευ
1540 1170 1804 1256 ρωγμῆς
1849 1179 1926 1255 τῆ
1972 1168 2154 1254 ἕδρῃ,
2202 1166 2316 1233 καὶ

215 1304 268 1343 10
296 1278 458 1362 αὕτη
505 1277 574 1354 ἐς
618 1279 848 1362 πρίσιν
893 1276 1150 1361 ἀφήκει.
1224 1278 1301 1341 τὸ
1340 1277 1416 1341 δὲ
1451 1273 1577 1341 ἔσω
1615 1275 2045 1360 ἑσφλώμενον
2082 1274 2316 1340 ὀστέον

294 1384 367 1450 ἐκ
413 1393 527 1468 τῆς
574 1384 817 1467 φύσιος
862 1393 976 1467 τῆς
1023 1381 1273 1448 ἑωυτοῦ
1322 1382 1517 1466 ὀλίγα
1560 1395 1694 1448 τῶν
1739 1388 2009 1448 πολλῶν
2052 1384 2319 1467 πρίσιος

189 1511 290 1558 212
320 1491 726 1576 προσδεῖται,
767 1491 775 1573 Ι
816 1488 925 1555 καὶ
962 1491 1042 1554 τὰ
1077 1489 1359 1575 μάλιστα
1393 1489 1857 1574 ἐσφλασθέντα
1891 1487 2000 1553 καὶ
2036 1489 2318 1573 μάλιστα

295 1589 805 1682 καταρραγέντα,
851 1606 1057 1661 ταῦτα
1099 1598 1366 1682 πρίσιος
1399 1598 1644 1680 ῆκιστα
1668 1597 1893 1661 δεῖται.
1957 1594 2119 1660 οὐδὲ
2155 1594 2314 1678 ἕδρη

297 1704 459 1788 αὐτὴ
507 1702 616 1768 ἐπὶ
661 1703 909 1787 ἑωυτῆς
953 1702 1274 1787 γενομένη
1324 1705 1477 1787 ἄτερ
1535 1703 1796 1788 ῥωγμῆς
1847 1699 1959 1767 καὶ
2014 1702 2317 1786 φλάσιος,

217 1836 267 1875 15
297 1810 456 1875 οὐδὲ
502 1810 665 1894 αὑτὴ
703 1812 967 1896 πρίσιος
1009 1811 1237 1893 δεῖται,
1285 1807 1432 1874 οὐδ’
1478 1808 1561 1892 ἢν
1598 1809 1880 1893 διακοπὴ
1917 1808 2164 1892 μεγάλη
2204 1807 2317 1873 καὶ

294 1917 517 2003 εὐρεῖα
561 1908 708 2005 (ᾖ),
755 1913 901 1982 οὐδ’
948 1915 1138 2000 afim·
1194 1916 1477 2001 διακοπὴ
1520 1916 1646 2001 γὰρ
1692 1912 1801 1980 καὶ
1850 1913 2008 2001 ἕδρη
2057 1914 2321 1981 τώυτόν

292 2022 490 2089 ἐστιν.

318 2125 323 2130 ’
432 2130 531 2193 10.
609 2133 894 2214 Πρῶτον
958 2130 1034 2195 δὲ
1097 2131 1218 2214 χρὴ
1282 2132 1404 2194 τὸν
1465 2131 1838 2214 τρωματίην
1901 2137 2320 2214 σκοπεῖσθαι,

296 2235 416 2321 ὅκῃ
462 2232 596 2320 ἔχει
639 2237 714 2301 τὸ
762 2247 988 2320 τρῶμα
1030 2245 1146 2320 τῆς
1190 2241 1509 2320 κεφαλῆς,
1563 2234 1679 2300 εἴτ’
1735 2234 1810 2301 έν
1862 2245 2078 2301 τοῖσιν
2135 2238 2322 2321 ἰσχυ-

215 2369 267 2408 20
296 2341 670 2427 ροτέροισιν
716 2341 831 2407 εἶτ’
875 2341 951 2407 ἐν
984 2352 1202 2407 τοῖσιν
1239 2341 1838 2427 ἄσθενεστέροισιν,
1883 2340 1993 2407 καὶ
2028 2344 2144 2421 τὰς
2179 2345 2344 2430 τρίχ

294 2474 412 2534 χας
456 2450 992 2534 καταμανθάνειν
1036 2450 1152 2525 τὰς
1195 2446 1350 2533 περὶ
1395 2450 1470 2513 τὸ
1519 2447 1727 2532 ἕλκος,
1774 2451 1833 2514 εῑ
1869 2447 1979 2513 καὶ
2018 2449 2319 2515 διακεκό-

294 2580 498 2640 φαται
542 2556 675 2622 ὑπὸ
722 2564 843 2620 τοῦ
888 2555 1117 2638 βέλεος
1160 2552 1270 2620 καὶ
1318 2557 1375 2620 εἰ
1421 2552 1547 2620 ἔσω
1591 2560 1820 2638 εἴησαν
1856 2553 1922 2631 ἐς
1956 2557 2031 2621 τὸ
2070 2566 2318 2639 τρῶμα,

292 2661 403 2727 καὶ
449 2663 533 2747 ἢν
577 2672 773 2728 τοῦτο
822 2655 893 2746 ᾗ,
955 2661 1162 2745 φάναι
1208 2661 1632 2727 κινδυνεύειν
1686 2664 1760 2726 τὸ
1823 2660 2056 2726 ὀστέον
2113 2663 2321 2739 ψιλὸν

437 2824 467 2872 1
506 2818 761 2875 πέπονθε
797 2818 849 2872 V
922 2815 1072 2882 ὅπως
1096 2818 1161 2872 V>
1257 2824 1288 2870 3
1327 2817 1496 2886 ἄνθρ.
1525 2816 1577 2870 V
1649 2817 1781 2872 οὐδε
1811 2814 1933 2872 ὅκοι
1960 2815 2116 2887 (ὅκου
2144 2817 2317 2888 Erm.)

292 2886 520 2979 Bum’nr’
548 2886 655 2959 ὅπη
674 2889 726 2944 V
752 2889 845 2943 vul
889 2931 898 2941 .
990 2891 1262 2958 punctum
1288 2892 1417 2959 post
1452 2908 1577 2957 κεφ.
1606 2905 1712 2942 om.
1743 2888 1788 2941 B
1898 2894 1930 2942 ὅ
1957 2887 2163 2977 ἀφήξει
2196 2888 2243 2941 Β

293 2977 465 3085 {iziz-be
499 2959 567 3085 V9
607 2977 840 3100 ἷοζῖοῖο
854 2961 934 3085 Vd
1006 2966 1079 3085 13
1111 2959 1279 3100 2122?ss
1284 2959 1662 3099 ΒῨαύΊΞὴωῖὶῙῇθ
1692 2959 2242 3096 ἕξείζοῗιΒῗᾊῃέοξ
2264 2959 2318 3085 ἐᾷ

403 3107 469 3154 12
508 3103 688 3156 δεῖται
723 3103 769 3155 Β
841 3102 940 3156 καὶ
973 3101 1045 3156 τὰ
1081 3122 1133 3171 μ.
1166 3102 1286 3170 ἐσφ.
1318 3118 1423 3155 om.
1452 3102 1498 3154 B
1610 3106 1675 3154 13
1714 3099 1977 3174 κέχρηται
2005 3118 2106 3171 pro
2135 3105 2319 3156 δεῖται

293 3172 345 3226 V
509 3178 575 3226 14
613 3170 754 3242 αὕτη
792 3173 844 3227 V
968 3173 1292 3242 ἐπιοιαυτης
1327 3173 1392 3240 Β,
1431 3169 1524 3241 ἐφ’
1560 3172 1769 3241 ἑωυτῆς
1803 3172 1855 3226 V
1980 3192 2123 3243 γιγν.
2158 3171 2205 3224 Β

295 3249 363 3331 15
401 3264 541 3313 αντη
578 3243 644 3310 Β,
680 3243 822 3313 αὐτὴ
858 3244 911 3298 V
945 3244 1094 3313 vulg.
1222 3245 1815 3335 ooe'aeffnvdmuojmaeusy..
1841 3244 1905 3326 B·
2014 3239 2141 3298 οὐδ’
2170 3242 2206 3312 ἡ
2244 3244 2318 3310 δ.,

292 3335 468 3440 ἶ-’ἒῖυῗίἑς
493 3314 730 3440 {fvssuxlsg'
800 3312 1618 3458 19¹}„55351-'113235322‘22330253‘
1645 3332 1960 3441 ”2{‡P{2¹2.
1992 3314 2242 3458 εὲἴέῃῗ
2264 3384 2322 3439 v

366 3462 431 3510 21
473 3456 523 3512 εἰ
560 3458 658 3511 καὶ
695 3461 1090 3526 διακεκομεναι
1127 3457 1268 3513 εἰσιν
1296 3457 1342 3510 Β
1451 3463 1520 3510 22
1557 3458 1656 3511 καὶ
1683 3473 1789 3510 om.
1819 3456 1871 3510 V
1897 3456 2044 3527 vulg.
2147 3455 2320 3523 ἤϊσαν

293 3527 425 3582 Litt.
534 3534 601 3582 23
629 3521 700 3598 ἦν
727 3544 830 3597 pro
860 3521 896 3600 ᾗ
920 3528 966 3581 Β
1048 3529 1146 3582 καὶ
1170 3526 1243 3597 ἢν
1268 3535 1433 3582 τοῦτο
1461 3522 1515 3599 ᾖ,
1545 3527 1728 3597 φάναι
1755 3531 1884 3598 post
1913 3525 2138 3596 σαρκός·
2160 3526 2317 3596 VPq.
