2588 3876
353 138 438 203 28
661 143 834 193 ΠΕΡΙ
869 142 1016 193 ΤΩΝ
1051 145 1148 194 ΕΝ
1185 144 1521 194 ΚΕΦΑΛΗΙ
1555 141 1945 193 ΤΡΩΜΑΤΩΝ
1983 146 2047 194 21

351 302 427 367 τὸ
474 305 863 384 λειπόμενον
907 306 1033 388 ἤδη
1080 307 1350 388 γίνεται.
1439 306 1519 368 τα
1565 304 1638 369 δὲ
1692 303 1887 368 λοιπὰ
1943 303 2177 369 ἰᾶσθαι
2231 305 2387 389 χρή,

354 409 443 484 ὡς
487 407 572 474 ἂν
619 411 778 495 δοκῇ
826 409 1191 496 συμφέρειν
1234 419 1325 498 τῷ
1374 410 1563 476 ἕλκει.

485 519 785 601 Πρίοντα
839 517 913 582 δὲ
965 518 1088 603 χρὴ
1141 518 1388 582 πυκινὰ
1447 513 1729 603 ἐξαιρεῖν
1785 516 1905 581 τὸν
1961 518 2204 601 πρίονα
2265 525 2392 599 τῆς,

353 625 717 708 θερμασίης
762 623 980 688 εἵνεκα
1024 632 1144 688 τοῦ
1190 622 1424 689 ὀστέου
1469 623 1579 688 καὶ
1623 623 1820 688 ὕδατι
1864 630 2094 710 ψυχρῷ
2142 621 2381 688 ἐναπο-

301 756 324 795 ο
352 728 644 811 βάπτειν.
699 732 1220 815 θερμαινόμενος
1255 731 1382 816 γὰρ
1419 730 1549 795 ὑπὸ
1586 739 1702 814 τῆς
1737 730 2051 816 περιόδου
2089 727 2124 792 ὁ
2160 732 2383 815 πρίων

353 836 462 900 καὶ
505 836 580 900 τὸ
627 834 858 902 ὀστέον
904 834 1360 923 έκθερμαίνων
1403 836 1512 901 καὶ
1550 834 2005 921 άναξηραίνων
2040 839 2387 905 κατακαίει.

352 942 462 1006 καὶ
505 940 700 1025 μέζον
743 953 920 1008 ποιεῖ
964 942 1377 1027 ἀφίστασθαι
1420 943 1496 1007 τὸ
1537 940 1770 1008 ὀστέον
1803 942 1879 1006 τὸ
1913 940 2220 1027 περιέχον
2255 943 2382 1025 τὴν

352 1051 584 1133 πρίσιν
618 1047 659 1132 ἢ
698 1050 860 1115 ὅσον
894 1048 1115 1132 μέλλει
1152 1048 1581 1132 ἀφίστασθαι.
1644 1049 1755 1114 καὶ
1789 1046 1876 1131 ἢν
1902 1048 2139 1139 αὐτίκα
2163 1049 2388 1133 βούλῃ

353 1152 654 1239 ἐκπρῖσαι
680 1157 754 1220 τὸ
782 1157 948 1241 πρὸς
983 1157 1105 1239 τὴν
1133 1156 1444 1239 μήνιγγα,
1472 1152 1694 1220 ἔπειτα
1721 1154 1994 1239 ἀφελεῖν
2020 1155 2093 1218 τὸ
2123 1153 2388 1237 ὀστέον,

274 1290 326 1330 ιο
354 1261 665 1338 ὡσαύτως
708 1263 832 1348 χρὴ
876 1262 1123 1327 πυκινά
1176 1285 1246 1326 τε
1304 1257 1588 1345 ἐξαιρεῖν
1640 1261 1760 1326 τὸν
1811 1263 2055 1347 πρίονα
2108 1260 2217 1325 καὶ
2273 1258 2379 1325 ἐν·

353 1368 758 1451 αποβάπτειν
802 1376 893 1456 τῷ
937 1368 1133 1433 ὕδατι
1177 1377 1270 1456 τῷ
1316 1377 1569 1455 ψυχρῷ.

473 1470 603 1538 Ἢν
639 1474 713 1539 δὲ
747 1476 836 1558 μὴ
874 1472 938 1552 ἕξ
972 1474 1173 1561 ἀρχῆς
1200 1476 1538 1560 λαμβάνῃς
1563 1474 1638 1539 τὸ
1664 1479 1846 1558 ἴημα,
1884 1473 2050 1538 ἀλλὰ
2075 1472 2227 1560 παρ’
2265 1474 2386 1538 ἄλ-

353 1583 474 1645 λου
527 1580 859 1666 παραδέχῃ
914 1581 1272 1668 ὑστερίζων
1326 1590 1441 1664 τῆς
1501 1582 1740 1664 ἰήσιος,
1798 1584 2025 1666 πρίονι
2083 1581 2206 1666 χρὴ
2262 1604 2380 1665 χα-

352 1695 567 1776 ρακτῷ
597 1685 891 1773 έκπρίειν
925 1689 1047 1770 μὲν
1083 1689 1320 1754 αὐτίκα
1355 1689 1430 1753 τὸ
1469 1687 1702 1753 ὀστέον
1728 1687 1892 1772 πρὸς
1918 1688 2041 1771 τὴν
2065 1687 2389 1770 μήνιγγα,

274 1822 323 1862 15
352 1796 605 1877 θαμινὰ
651 1795 724 1860 δὲ
770 1792 1153 1881 ἐξαιρεῦντα
1196 1795 1317 1859 τὸν
1361 1797 1604 1880 πρίονα
1650 1799 2046 1859 σκοπεῖσθαι
2100 1793 2211 1858 καὶ
2265 1794 2383 1858 ἄλ-

352 1906 479 1979 λως
522 1903 630 1967 καὶ
675 1910 752 1988 τῇ
807 1903 977 1986 μήλῃ
1032 1899 1218 1988 πέριξ
1277 1902 1441 1966 κατὰ
1498 1901 1620 1985 τὴν
1679 1899 1841 1966 ὁδὸν
1897 1908 2018 1966 τοῦ
2076 1902 2380 1987 πρίονος·

350 2009 459 2073 καὶ
504 2010 629 2094 γὰρ
675 2011 846 2073 πολὺ
891 2014 1155 2073 θᾶσσον
1209 2009 1578 2094 ὃιαπρίεται
1631 2007 1706 2072 τὸ
1760 2005 2013 2090 ὀστέον,
2071 2006 2157 2090 ἢν
2215 2007 2382 2072 ὑπό-

349 2115 524 2178 πυόν
567 2125 645 2177 τε
684 2112 796 2178 έὸν
835 2115 961 2198 ἤδη
999 2115 1108 2178 καὶ
1146 2115 1433 2180 ὃιάπυον
1467 2117 1682 2200 πρίῃς,
1713 2114 1836 2178 καὶ
1871 2114 2186 2190 πολλάκις
2220 2137 2386 2197 τυγ-

351 2220 535 2304 χάνει
572 2218 958 2285 ἐπιπόλαιον
992 2219 1106 2285 ἐὸν
1141 2222 1215 2286 τὸ
1252 2219 1507 2304 ὀστέον,
1553 2220 1765 2298 ἄλλως
1798 2244 1868 2286 τε
1905 2222 2015 2286 καὶ
2050 2219 2136 2304 ἢν
2171 2221 2380 2306 ταύτῃ

273 2356 324 2394 20
350 2335 466 2409 τῆς
509 2330 798 2410 κεφαλῆς
841 2320 885 2412 ᾗ
928 2328 1003 2392 τὸ
1049 2339 1302 2413 τρῶμα,
1362 2321 1403 2411 ᾖ
1458 2328 1768 2412 τυγχάνει
1827 2329 2218 2412 λεπτότερον
2263 2324 2383 2392 ἐὸν

349 2433 423 2497 τὸ
469 2431 703 2498 ὀστέον
754 2432 795 2517 ’ἢ
848 2433 1236 2520 παχύτερον.
1328 2433 1494 2498 ἀλλὰ
1550 2434 2016 2517 φυλάσσεσθαι
2074 2435 2226 2519 χρή,
2287 2433 2387 2509 ὡς

349 2541 438 2625 μὴ
484 2541 695 2626 λάθῃς
737 2540 1135 2626 προσβαλὼν
1179 2540 1299 2604 τὸν
1341 2542 1614 2624 πρίονα,
1666 2537 1805 2604 ἀλλ’
1853 2540 1971 2625 ὅκῃ
2029 2541 2211 2604 δοκεῖ
2253 2540 2384 2604 πά-

348 2663 575 2732 χιστον
620 2642 792 2712 εἶναι
837 2647 912 2711 τὸ
958 2645 1209 2729 ὀστέον,
1265 2644 1334 2721 ές
1380 2654 1576 2711 τοῦτο
1629 2646 1758 2711 αἰεὶ
1808 2645 2207 2732 ε’νστηρίζειν
2255 2646 2388 2711 τὸν

495 2950 522 2996 1
563 2945 766 3012 ἰῆσθαι
801 2945 923 2998 ΜΝ
1094 2951 1125 2998 2
1164 2943 1333 3017 δοκέῃ
1372 2945 1538 3013 ξυμφ.
1581 2943 1738 2999 codd.
1911 2949 1943 2996 3
1979 2942 2171 2999 πυκνὰ
2206 2942 2266 2996 Μ

350 3013 619 3084 ἐξαιρέειν
657 3016 835 3083 codd„
875 3016 1072 3086 scripsi
1108 3025 1254 3084 -ρεῖν
1364 3021 1398 3067 4
1433 3012 1747 3084 θερμασίας
1784 3015 1959 3081 codd„
1998 3012 2115 3084 -ίης
2150 3012 2297 3084 vulg.

352 3092 382 3139 5
421 3086 451 3141 ὁ
492 3103 595 3140 om.
626 3085 678 3140 V
788 3092 815 3140 7
856 3091 1039 3156 μεῖζον
1078 3087 1257 3153 codd.;
1297 3086 1495 3155 scripsi
1532 3084 1639 3154 μέζ.
1738 3084 1917 3140 ποιέει
1955 3085 2133 3152 codd.,
2173 3086 2392 3156 scripsis

348 3166 430 3212 -εῖ
533 3162 565 3210 8
602 3157 788 3229 βούλει
824 3157 936 3210 ΜΝ
1043 3163 1074 3211 9
1114 3156 1373 3227 ἀφελέειν
1412 3157 1590 3226 codd.‚
1629 3156 1828 3226 scripsi
1863 3165 1975 3212 -εἴν
2087 3162 2152 3209 10
2180 3156 2382 3211 πυκνὰ

347 3228 407 3282 Μ
549 3227 818 3296 ἐξαιρέειν
857 3228 1033 3295 codd„
1074 3229 1272 3299 scripsi
1310 3237 1421 3284 -εῖν
1578 3233 1642 3282 13
1679 3226 1901 3297 παραδέ
1936 3248 1971 3300 ῃ
2009 3244 2113 3281 om.
2151 3227 2297 3281 th.

347 3297 641 3368 ὑστερίζων
670 3299 866 3368 MNV,
905 3298 1099 3369 -ρίζειν
1137 3299 1303 3370 vulg„
1342 3297 1624 3367 ὑστερίζον
1660 3298 1803 3353 th..
1834 3250 1960 3353 Wffi
2074 3303 2141 3352 14
2180 3296 2381 3367 ἐκποί-

348 3391 431 3426 ειν
469 3369 649 3436 MNV,
689 3370 810 3441 ἐμπ.
849 3371 995 3442 vulg.
1159 3377 1222 3425 17
1260 3371 1440 3426 πουλὺ
1477 3368 1600 3423 MN
1759 3375 1827 3423 20
1864 3364 1901 3437 ἧ
1938 3387 2039 3441 pro
2076 3363 2112 3439 ἦ
2151 3368 2275 3423 ΜΝ

345 3434 380 3514 ᾗ
421 3459 525 3496 om.
564 3441 687 3495 MN
795 3447 861 3524 22
896 3442 999 3526 τὴν
1036 3442 1087 3496 V
1187 3441 1298 3513 ὅπῃ
1339 3441 1516 3507 codd„
1566 3439 1667 3566 8232
1706 3441 1849 3495 th.
1951 3425 2133 3497 δοκέει
2169 3439 2378 3508 MNV,

346 3512 470 3586 -κέῃ
509 3513 676 3584 vulg,
716 3530 911 3583 senpm
949 3523 1066 3568 -κεῖ
1169 3512 1443 3584 πάχιστον
1480 3512 1601 3566 ΜΝ
1663 3555 1677 3581 ,
1718 3513 2040 3584 παχύτατον
2076 3512 2225 3581 vulg.
