2588 3876
717 83 880 139 KAT?
920 89 1265 139 ῙΗΤΡΕΙοΝ
1306 91 1387 140 15.
1420 91 1503 140 16.
1536 91 1618 138 17.
1650 91 1715 139 18
2140 84 2223 149 41

232 238 370 311 οἷον
411 249 481 313 τὸ
526 258 639 332 τῆς
672 252 912 335 χειρός·
961 248 1032 314 ἐκ
1070 246 1144 315 δὲ
1182 258 1302 314 τοῦ
1338 257 1573 314 κοινοῦ
1610 251 1894 331 ἔκτασιν,
1940 249 2230 333 σύγκαμ-

229 364 358 439 ψιν,
411 346 557 419 οἷον
608 356 680 420 τὸ
737 354 934 439 ἐγγὺς
991 365 1112 420 τοῦ
1172 354 1497 439 ἐγγωνίου
1557 358 1797 439 πήχεος
1849 355 2017 440 πρὸς
2068 357 2229 441 βρα-

225 463 427 543 χίονα·
471 461 541 526 ἐκ
587 458 661 527 δὲ
705 470 825 527 τοῦ
873 465 1086 545 ἔθεος,
1133 462 1235 527 ὅτι
1281 462 1403 528 οὐκ
1449 463 1615 532 ἄλλα
1659 464 1955 546 σχήματα
1998 460 2230 547 φέρειν

227 567 658 655 δυνατώτερα,
723 560 872 635 οἷον
936 569 1168 635 σκέλεα
1230 566 1522 637 ἔκτασιν·
1587 568 1714 633 άπὸ
1779 568 2038 633 τούτων
2101 569 2227 653 γὰρ

227 672 445 757 ῥ’ήϊστα
487 679 800 740 πλεῖστον
834 677 1081 760 χρόνον
1118 677 1256 759 ἔχοι
1293 673 1378 740 ἂν
1413 676 1502 759 μὴ
1538 674 2089 759 μεταλλάσσοντα.
2155 674 2230 740 ἐν
2283 684 2307 741 5

225 779 293 844 δὲ
341 790 415 866 τῇ
471 786 841 867 μεταλλαγῇ
904 780 975 846 ἐκ
1038 782 1376 858 διατάσιος
1429 781 1782 863 ὁμοιότατα
1839 783 2108 865 ἔχουσιν
2164 779 2230 857 ἐς

223 883 346 962 ἕξιν
389 888 429 971 ἢ
474 887 672 953 θέσιν
717 888 906 972 μύες,
961 886 1226 972 φλέβες,
1282 896 1519 974 νεῦρα,
1574 886 1797 971 ὀστέα,
1852 879 1894 973 ᾗ
1948 886 2230 971 μάλιστα

222 993 452 1058 εὔθετα
497 992 609 1058 καὶ
655 995 947 1078 εῧσχετα.

345 1100 443 1164 16.
501 1100 824 1177 Διάτασις
869 1101 1149 1183 μάλιστα
1193 1102 1272 1165 τὰ
1317 1101 1591 1186 μέγιστα
1636 1099 1747 1166 καὶ
1792 1100 2076 1184 πάχιστα
2119 1098 2230 1165 καὶ

220 1203 368 1270 ὅκου
401 1205 768 1292 ἀμφότερα·
808 1207 1106 1293 δεύτερα,
1144 1201 1240 1272 ὧν
1275 1209 1350 1274 τὸ
1378 1206 1938 1291 ὑποτεταγμένον·
1975 1208 2229 1290 ἥκιστα,
2258 1235 2310 1274 ιο

220 1305 306 1375 ὧν
343 1314 436 1379 ’τὸ
502 1314 670 1378 ἅνω·
711 1311 719 1399 Ι
760 1318 1016 1394 μᾶλλον
1066 1310 1141 1379 δὲ
1195 1324 1315 1379 τοῦ
1371 1319 1663 1400 μετρίου,
1725 1315 1972 1397 βλάβη,
2035 1313 2211 1396 πλὴν
2229 1331 2334 1380 322

217 1419 520 1485 παιδίων·
562 1422 737 1503 ἔχειν
762 1419 1011 1502 ἀνάντη
1041 1422 1347 1506 σμικρόν·
1385 1421 1786 1506 διορθώσιος
1812 1420 2232 1505 παράδειγμα

217 1523 285 1587 τὸ
330 1523 708 1610 ὁμώνυμον,
753 1526 827 1590 τὸ
876 1525 1224 1610 ὁμόζυγον,
1270 1527 1344 1590 τὸ
1394 1526 1648 1610 ὅμοιον,
1694 1527 1768 1591 τὸ
1814 1525 2016 1609 ὑγιές.

342 1631 439 1695 17.
490 1630 869 1717 Ἀνάτριψις
933 1632 1212 1697 δύναται
1276 1638 1503 1714 λῦσαι,
1579 1633 1802 1716 δῆσαι,
1875 1641 2230 1718 σαρκῶσαι,

214 1744 601 1822 μινυθῆσαι·
644 1738 685 1822 ἡ
734 1740 982 1824 σκληρὴ
1031 1740 1246 1823 δῆσαι,
1291 1739 1332 1823 ἡ
1380 1740 1633 1822 μαλακὴ
1681 1743 1896 1821 λῦσαι,
1941 1738 1982 1821 ἡ
2019 1738 2227 1820 πολλὴ
2259 1765 2309 1806 15

214 1851 596 1930 μινυθῆσαι,
641 1845 681 1929 ἡ
727 1849 954 1931 μετρίη
1000 1854 1307 1929 παχῦναι.

340 1953 438 2017 18.
494 1949 796 2017 Ἐπιδεῖν
861 1949 934 2016 δὲ
998 1952 1071 2016 τὸ
1137 1963 1427 2037 πρῶτον·
1493 1952 1529 2018 ὁ
1588 1952 1711 2035 μὲν
1771 1949 2231 2035 ἐπιδεδεμένος

213 2058 485 2139 μάλιστα
517 2058 704 2142 φάτω
733 2057 1087 2142 πεπιέχθαι
1115 2059 1280 2123 κατὰ
1308 2059 1382 2124 τὸ
1415 2060 1621 2142 σίνος,
1657 2059 1892 2141 ἥκιστα
1926 2060 2007 2123 τὰ
2044 2060 2229 2144 ἄκρα.

211 2160 550 2248 ἡρμάσθαι
589 2163 684 2249 δέ,
730 2166 817 2248 μὴ
852 2166 1228 2249 πεπιέχθαι,
1270 2165 1539 2248 πλήθει,
1584 2166 1670 2249 μὴ
1718 2166 1913 2249 ἰσχύι.
1988 2166 2110 2248 τὴν
2156 2166 2231 2230 δὲ

348 2398 375 2445 1
415 2393 483 2458 ξύ
523 2413 572 2446 κ.
612 2392 671 2445 Μ
790 2398 820 2445 2
858 2390 1077 2463 πήχεως
1112 2392 1171 2445 Μ
1288 2398 1322 2444 4
1360 2393 1744 2461 δυνατώτερον
1781 2393 1840 2445 Μ
1912 2390 2073 2461 σκέλη
2109 2391 2161 2445 V

213 2462 446 2519 τουτέων
544 2463 607 2516 Μ
641 2462 762 2517 Gal.
794 2462 886 2516 cit.
917 2468 1038 2529 877,
1077 2461 1230 2517 -τέου
1266 2462 1319 2516 V
1414 2466 1545 2533 post
1579 2484 1726 2518 τουτ.
1766 2480 1834 2517 ss.
1872 2483 1985 2518 των
2023 2480 2232 2533 σχημα-

210 2551 317 2590 των
343 2534 420 2587 B⁸
516 2539 547 2588 5
577 2552 750 2604 ρηστα
776 2534 866 2599 B¹‚
894 2537 1032 2588 mut.
1052 2534 1114 2587 in
1144 2552 1319 2603 ραστα
1346 2534 1436 2600 B8,
1467 2531 1711 2604 ἆᾶσταἾ
1802 2540 1833 2587 6
1864 2532 2030 2604 ὅμοια
2053 2541 2232 2587 ταῦτα

209 2602 266 2655 Μ
291 2605 459 2676 vulg„
494 2603 661 2675 ὅμοια
690 2623 795 2659 om.
824 2604 947 2671 BV,
987 2605 1204 2675 ὁμαλῶς
1228 2605 1394 2672 th.‚
1433 2606 1631 2674 scripsi
1660 2602 1957 2675 ὁμοιότατα
1992 2603 2062 2657 cf.
2092 2608 2178 2672 38,
2201 2611 2232 2657 1

313 2675 537 2752 ἕξουσιν
574 2676 633 2729 Μ
733 2678 814 2739 εἰς
848 2676 908 2728 Μ
1054 2682 1082 2729 7
1121 2679 1250 2746 post
1287 2674 1452 2731 ὅστέα
1489 2693 1557 2729 ss.
1596 2678 1693 2730 καὶ
1728 2676 1804 2729 B⁸
1905 2674 1941 2745 ἢ
1980 2675 2158 2743 codd.‚
2197 2667 2233 2749 ᾗ

209 2746 328 2799 edd.
452 2754 485 2801 9
524 2749 656 2817 post
690 2746 823 2819 πάχ.
855 2747 984 2801 add.
1015 2747 1113 2801 καὶ
1142 2746 1323 2817 ὁμαλὰ
1359 2746 1525 2817 vulg„
1565 2763 1671 2800 om.
1698 2746 1877 2800 BMV
1946 2767 2028 2802 πα
2068 2765 2103 2799 .·
2134 2749 2235 2801 καὶ

208 2820 410 2884 μᾶλλον
440 2816 581 2873 ὅκου
616 2818 762 2871 th.
874 2824 941 2871 10
981 2816 1117 2872 ὅκου
1151 2820 1378 2888 praeter
1411 2840 1447 2872 v
1482 2818 1543 2870 in
1578 2835 1704 2872 raso
1740 2818 1865 2872 loeo
1899 2818 1964 2886 B,
2004 2769 2146 2873 ὅξτου
2181 2818 2233 2872 V

264 2889 424 2944 ’δεύπ
456 2906 564 2943 om.
594 2889 655 2942 in
690 2890 868 2956 textu,
907 2889 1034 2943 add.
1064 2889 1125 2942 in
1150 2907 1222 2942 m.
1253 2889 1300 2942 B
1372 2888 1786 2959 ὑποτεταμένον
1822 2888 1874 2942 V
1983 2895 2047 2943 11
2086 2891 2233 2945 ἀνώ-

206 2963 380 3027 μαλον
418 2959 472 3013 V
573 2959 748 3033 βλάβη
787 2977 893 3014 om.
921 2959 973 3013 V
1063 2962 1195 3013 ante
1232 2962 1315 3032 βλ.
1354 2960 1424 3013 de
1462 2977 1561 3014 suo
1599 2961 1665 3015 οὐ
1702 2960 1850 3014 Erm.
1999 2967 2063 3014 12
2100 2979 2235 3015 παι-

207 3028 331 3085 δίου
368 3030 422 3085 V
498 3030 794 3103 ἐγχειρέειν
833 3032 974 3102 αὐτῇ
1010 3030 1154 3085 κατὰ
1191 3031 1425 3101 σμικρὸν
1499 3049 1562 3085 ro
1601 3032 1631 3087 ἕ
1663 3051 1746 3087 ειν
1779 3075 1790 3085 .
1812 3074 1824 3086 .
1850 3075 1860 3086 .
1892 3050 1977 3102 σμ.
2014 3033 2159 3085 th..

207 3103 551 3170 διθροωσιος
584 3102 630 3155 Β
760 3107 826 3156 15
865 3100 1161 3172 μινυθίσαι
1199 3103 1379 3171 Lind.‚
1422 3051 1499 3156 οἷ
1530 3103 1613 3157 De
1676 3102 1747 3171 ‘q.
1785 3121 1891 3157 usu
1928 3120 1974 3157 c.
2007 3109 2035 3157 1
2074 3124 2235 3173 μινυ-

205 3170 371 3226 θίσαι
505 3178 586 3226 15.
619 3178 687 3226 16
724 3170 760 3241 ἢ
799 3177 999 3242 quater
1073 3190 1135 3227 ro
1171 3173 1206 3242 ἡ
1243 3173 1296 3227 V
1425 3180 1489 3227 16
1528 3183 1810 3242 σαρκῶσαι
1846 3191 1946 3243 pro
1983 3193 2064 3228 πα
2100 3183 2233 3230 ῢναι

208 3241 328 3298 Gal.
366 3244 432 3297 in
469 3244 563 3297 eit.
602 3244 672 3297 de
707 3244 923 3297 tuenda.
956 3262 989 3297 v
1049 3247 1123 3300 et.
1160 3244 1236 3298 Ἦ
1264 3250 1333 3297 93
1369 3244 1536 3298 Kfihn
1660 3250 1725 3298 18
1762 3248 1893 3315 post
1927 3264 2063 3300 πεπι
2091 3248 2233 3315 χθαι

206 3313 334 3367 add.
367 3313 576 3381 πλήθει
605 3314 677 3384 μὴ
708 3316 863 3386 ἰσχύι
892 3314 966 3368 ἸῙΔ
1015 3313 1170 3379 σίνος
1203 3315 1274 3381 Ν,
1313 3324 1467 3378 σῖνος
1492 3315 1659 3385 vulg„
1689 3316 1845 3379 σινὸς
1869 3315 1921 3369 V
2031 3321 2095 3368 19
2133 3314 2235 3381 ἡρ-

206 3382 424 3509 ῄσξαι
463 3385 538 3454 Μ,
575 3385 865 3456 ἡρμῆσθαι
901 3385 953 3439 V
1058 3385 1223 3440 πεπιέ
1257 3386 1318 3439 in
1355 3402 1482 3439 raso
1517 3387 1640 3440 loco
1677 3387 1739 3452 B,
1782 3389 2075 3456 πεπῆχθαι
2112 3383 2163 3435 V
