2588 3876
373 140 505 207 254
956 140 1353 193 MoxAnmN
1392 143 1474 192 15.
1507 143 1589 192 16.
1623 143 1705 191 17.
1738 141 1804 190 18

377 299 572 370 αὗται
619 299 693 369 δὲ
740 301 815 368 ἐκ
860 313 994 367 τῶν
1029 300 1456 388 ὑπερβολέων
1490 312 1627 366 τῶν
1664 300 2013 385 σχημάτων
2049 298 2088 382 ἢ
2126 309 2207 385 τῇ
2242 298 2284 382 ’ἢ
2324 308 2411 385 τῇ

377 414 516 505 σὺν.
549 418 641 499 τῷ
678 411 875 493 τάχει.

513 518 614 583 16.
678 517 916 601 Χειρὸς
953 512 1026 581 δὲ
1064 517 1328 602 ἄρθρον
1363 514 1711 580 ὀλισθάνει
1748 515 1788 599 ἢ
1834 511 1962 579 ἔσω
2001 514 2042 597 ἢ
2078 510 2224 597 ἔξω,
2271 515 2412 578 ἔσω

376 620 451 690 δὲ
495 625 576 688 τὰ
619 629 910 689 πλεῖστα.
1002 633 1236 707 σημεῖα
1281 620 1340 687 δ’
1389 623 1665 706 εὔσημα·
1731 622 1814 705 ἢν
1856 617 1980 702 μὲν
2024 618 2185 709 ἔσω,
2240 637 2407 703 συγ-

320 759 345 799 5
373 731 692 812 κάμπτειν
736 733 893 806 τοὺς
939 731 1311 806 δακτύλους
1357 729 1438 794 οὐ
1477 730 1830 812 δύνανται,
1876 728 1961 812 ἢν
1998 725 2061 791 δ’
2107 723 2253 810 ἔξω,
2300 725 2411 792 ἐκ·

374 840 636 903 τείνειν.
682 835 925 920 ἐμβολὴ
956 836 1055 902 δέ·
1110 832 1279 920 ὑπὲρ
1308 835 1622 921 τραπέζης
1647 837 1806 912 τοὺς
1833 835 2203 911 δακτύλους
2230 830 2413 918 ἔχων

374 946 532 1021 τοὺς
557 939 681 1028 μὲν
716 946 981 1028 τείνειν,
1016 946 1174 1021 τοὺς
1202 941 1261 1007 δ’
1291 942 1705 1026 ἀντιτείνειν,
1741 943 1815 1006 τὸ
1848 937 1922 1006 δὲ
1949 939 2176 1025 ἐξέχον
2215 941 2256 1025 ἢ
2284 941 2406 1006 θέ-

377 1075 531 1136 ναρι
568 1050 609 1135 ἢ
644 1049 889 1136 πτέρνη
918 1052 1052 1135 ἅμα
1080 1049 1382 1115 ἀπωθεῖν
1407 1051 1633 1135 πρόσω
1662 1049 1772 1137 καὶ
1802 1049 2108 1113 κάτωθεν
2134 1049 2298 1113 κατὰ
2326 1048 2410 1111 τὸ

376 1155 605 1243 ἕτερον
633 1156 866 1223 ὀστέον
883 1159 1088 1241 ὄγκον
1114 1157 1468 1239 μαλθακὸν
1485 1155 1785 1238 ὑποθεὶς,
1813 1154 1939 1238 κῆν
1956 1151 2080 1237 μὲν
2099 1156 2258 1237 ἅνω,
2287 1178 2407 1218 κα-

249 1293 349 1372 '0¹⁰
375 1263 743 1350 ταστρέψας
763 1264 889 1348 τὴν
905 1273 1112 1348 χεῖρα,
1140 1263 1224 1348 ἢν
1244 1259 1318 1328 δὲ
1338 1264 1534 1346 κάτω,
1561 1263 1822 1346 ὑπτίην.
1882 1268 2054 1346 ἴησις
2080 1261 2411 1338 ὀθονίοις.

513 1371 615 1436 17.
671 1369 829 1454 Ὅλη
878 1367 953 1435 δὲ
997 1369 1039 1452 ἡ
1085 1371 1225 1455 χεὶρ
1273 1370 1622 1435 ὀλισθάνει
1667 1369 1708 1454 ἢ
1744 1366 1874 1433 ἔσω
1913 1368 1953 1453 ἢ
1991 1365 2114 1446 ἔξω
2151 1369 2192 1452 ἢ
2229 1360 2413 1434 ἔνθα

376 1478 418 1561 ἢ
481 1474 677 1545 ἔνθα·
749 1478 1032 1559 μάλιστα
1096 1473 1170 1542 δὲ
1232 1474 1390 1543 ἔσω·
1472 1473 1611 1542 ἔστι
1685 1473 1743 1541 δ’
1810 1475 1919 1541 ὅτε
1982 1476 2023 1559 ἡ
2087 1473 2413 1560 ἐπίφυσις

376 1582 684 1668 ἐκινήθη·
748 1581 889 1649 ἔστι
949 1583 1009 1649 δ’
1066 1583 1174 1649 ὅτε
1233 1585 1307 1648 τὸ
1367 1582 1597 1669 ἕτερον
1656 1593 1791 1648 τῶν
1850 1581 2100 1647 ὀστέων
2158 1580 2412 1664 διέστη.

376 1691 696 1757 τούτοισι*
717 1691 1067 1767 κατάτασις
1114 1691 1348 1776 ἰσχυρὴ
1393 1688 1696 1774 ποιητέη,
1741 1687 1852 1754 καὶ
1897 1690 1971 1753 τὸ
2018 1685 2143 1770 μὲν
2180 1687 2413 1773 ἑξέχον

300 1824 349 1865 15
380 1797 702 1882 ἀπωθεῖν,
746 1799 822 1864 τὸ
878 1796 937 1862 δ’
990 1796 1219 1883 ἕτερον
1274 1797 1637 1880 ἄντωθεῖν,
1695 1798 1819 1861 δύο
1877 1798 2057 1861 εἴδεα
2112 1795 2247 1877 ἅμα
2292 1795 2409 1860 καὶ

378 1904 444 1982 ἐς
488 1904 782 1971 τούπίσω
828 1905 940 1971 καὶ
986 1903 1051 1982 ἐς
1095 1905 1169 1970 τὸ
1214 1903 1531 1989 πλάγιον,
1576 1903 1616 1988 ἢ
1664 1900 1892 1989 χερσὶν
1933 1900 2042 1968 ἐπὶ
2088 1901 2411 1989 τραπέζης

377 2012 418 2096 ἢ
462 2012 726 2102 πτέρνῃ.
807 2014 1172 2095 παλίγκοτα
1226 2008 1300 2077 δὲ
1346 2010 1455 2077 καὶ
1503 2011 1870 2096 ἀσχήμονα,
1925 2018 2016 2098 τῷ
2055 2012 2301 2099 χρόνῳ·
2331 2009 2411 2073 δὲ

376 2119 766 2205 κρατύνεται
812 2117 880 2195 ἐς
924 2127 1177 2204 χρῆσιν.
1272 2125 1444 2203 ἴησις
1497 2118 1835 2183 ὀθονίοισι
1899 2119 2028 2182 σὺν
2090 2125 2170 2202 τῇ
2236 2117 2409 2201 χειρὶ

376 2225 487 2290 καὶ
539 2233 630 2314 τῷ
674 2229 896 2310 πήχει,
941 2224 1052 2290 καὶ
1097 2226 1441 2312 νάρθηκας
1484 2224 1672 2310 μέχρι
1719 2224 2062 2289 δακτύλων
2111 2222 2411 2288 τιθέναι·

299 2360 352 2400 20
378 2330 454 2397 ἐν
489 2291 803 2419 νάρθηξι
873 2328 947 2397 δὲ
1009 2330 1290 2397 τεθέντα
1353 2341 1559 2397 ταῦτα
1620 2333 2030 2415 πυκνότερον
2102 2330 2295 2394 λύειν
2365 2328 2412 2413 ἢ

378 2439 459 2505 τὰ
503 2442 882 2524 κατήγματα
926 2437 1035 2504 καὶ
1082 2440 1436 2523 καταχύσει
1481 2436 1712 2504 πλέονι
1757 2443 2064 2523 χρῆσθαι.

517 2547 619 2611 18.
670 2544 782 2612 Ἐκ
827 2555 1057 2629 γενεης
1093 2546 1167 2610 δὲ
1202 2544 1573 2631 βραχυτέρη
1619 2545 1659 2627 ὴ
1707 2544 1845 2629 χεὶρ
1883 2545 2169 2627 γίνεται,
2216 2543 2328 2607 καὶ
2363 2542 2410 2626 ἡ

379 2655 742 2738 μινύθησις
778 2664 1043 2738 σαρκῶν
1078 2653 1359 2734 μάλιστα
1394 2653 1475 2716 τὰ
1501 2649 1769 2716 ἐναντία
1804 2649 1844 2733 ἢ
1882 2640 1925 2736 ᾗ
1960 2650 2035 2714 τὸ
2074 2650 2412 2731 ἕκπτωμα·

380 2759 722 2849 ηὐξημένω
768 2755 842 2825 δὲ
887 2759 967 2825 τὰ
1011 2759 1206 2824 ὀστέα
1249 2757 1452 2841 μένει.
1491 2763 1502 2839 l

521 2958 555 3005 4
591 2954 723 3021 post
756 2955 984 3007 πλεῖστα
1022 2952 1150 3008 add.
1189 2971 1289 3021 μεν
1330 2950 1398 3004 Μ
1497 2957 1545 3005 4.
1577 2956 1610 3003 5
1648 2951 1746 3021 §vy
1748 2972 1797 3004 κ.
1837 2950 1998 3003 codd.
2083 2949 2218 3017 post
2254 2965 2411 3017 συγκ.

380 3022 528 3093 vulg.
568 3023 697 3078 add.
737 3022 875 3088 ὅλως
902 3031 1086 3093 σφῶν,
1123 3040 1230 3077 om.
1261 3023 1321 3075 M
1359 3021 1449 3092 (cf.
1488 3041 1546 3078 π.
1585 3021 1719 3089 ἄρθ.
1715 2971 1866 3092 Γέμβ
1898 3038 1945 3074 0.
1976 3021 2066 3089 26)
2178 3025 2211 3073 8
2249 3019 2410 3072 ἀπω-

379 3092 542 3149 θέειν
572 3096 731 3148 codd.
878 3101 909 3148 9
946 3095 1078 3163 post
1115 3093 1287 3164 ὄγκον
1324 3094 1551 3149 α(1(1.τε
1586 3092 1764 3162 vulg„
1801 3109 1909 3146 om.
1948 3091 2007 3143 M
2154 3094 2221 3143 10
2264 3088 2410 3143 ὀθο-

382 3161 528 3226 νίοις
551 3165 641 3232 M,
678 3164 875 3222 -νίοισι
910 3165 1001 3219 vel
1038 3162 1159 3238 -νίῃ
1162 3183 1217 3219 σι
1244 3164 1669 3219 eet.11.12
1708 3136 1924 3219 ἔνθα““
1892 3184 1928 3231 η
1968 3161 2008 3216 ἐ.
2045 3164 2179 3229 post
2217 3161 2319 3225 ἔξω
2346 3161 2411 3213 M

383 3235 531 3289 sicut
565 3254 622 3289 π.
662 3235 698 3289 ἅ
702 3240 796 3304 ρ.θ
837 3237 953 3308 ἐμβ.
993 3254 1037 3290 ο.
1070 3186 1164 3305 27ἠ,
1208 3239 1343 3305 post
1376 3235 1498 3305 μάλ.
1548 3234 1612 3291 δὲ
1649 3236 1752 3291 ἔσω
1788 3233 1887 3288 rel.
2046 3238 2113 3290 14
2158 3229 2414 3294 τουτέοις

382 3306 466 3372 M,
504 3257 732 3360 -τέοισιρ
737 3306 835 3361 rel.
983 3313 1048 3362 15
1086 3306 1419 3362 ἀπωθέειν.
1493 3304 1849 3362 .ἀντωθέειν
1887 3304 2047 3359 codd.
2198 3308 2267 3357 18
2303 3303 2408 3367 {vv

384 3376 543 3431 codd.
690 3383 756 3430 21
795 3377 864 3432 τὰ
901 3379 1035 3432 ante
1069 3398 1300 3449 κατηγμ.
1340 3395 1408 3432 ss.
1448 3350 1534 3432 M²
1678 3383 1745 3431 23
1790 3376 1860 3431 τὰ
1899 3375 1976 3430 ἐν.
2014 3375 2101 3444 Μ,
2144 3374 2267 3429 τάν.
2306 3372 2408 3427 rel.

490 3444 528 3514 ἣ
565 3445 640 3507 ὡς
673 3446 737 3499 τὸ
775 3447 1115 3503 ἔ.οο(1(1.θό
1148 3450 1303 3516 edd„
1343 3449 1541 3518 scripsi
1578 3440 1615 3522 ᾗ
1650 3448 1720 3503 cf.
1756 3467 1816 3503 π.
1857 3446 1990 3515 ἅρθ.
2030 3445 2147 3517 ἐμβ.
2188 3462 2234 3500 ο.
2267 3449 2333 3498 28

385 3522 455 3570 24
488 3518 560 3572 τὰ
596 3514 790 3569 DLitt.
832 3520 914 3587 (ut
948 3537 1007 3573 π.
1046 3518 1178 3587 ἅρθ.
1220 3520 1334 3592 ἐμβ.
1375 3538 1419 3574 c.
1451 3523 1558 3591 28),
1596 3537 1701 3575 om
1741 3519 1801 3572 M
