<?xml version="1.0" encoding="UTF-8"?>
<!DOCTYPE html PUBLIC "-//W3C//DTD XHTML 1.0 Transitional//EN"
    "http://www.w3.org/TR/xhtml1/DTD/xhtml1-transitional.dtd">
<html xmlns="http://www.w3.org/1999/xhtml" xml:lang="en" lang="en">
 <head>
  <title>
</title>
<meta http-equiv="Content-Type" content="text/html;charset=utf-8" />
  <meta name='ocr-system' content='tesseract 3.04.00' />
  <meta name='ocr-capabilities' content='ocr_page ocr_carea ocr_par ocr_line ocrx_word'/>
</head>
<body>
  <div class='ocr_page' id='page_1' title='image "./operaqvaefervnt00ilbegoog_0237.png"; bbox 0 0 2588 3876; ppageno 0'>
   <div class='ocr_carea' id='block_1_1' title="bbox 35 1603 38 2130">
    <p class='ocr_par' dir='ltr' id='par_1_1' title="bbox 35 1603 38 2130">
     <span class='ocr_line' id='line_1_1' title="bbox 35 1603 38 2130; baseline 0 0"><span class='ocrx_word' id='word_1_1' title='bbox 35 1603 38 2130; x_wconf 95' lang='lat' dir='ltr'><strong><em> </em></strong></span> 
     </span>
    </p>
   </div>
   <div class='ocr_carea' id='block_1_2' title="bbox 691 165 2250 229">
    <p class='ocr_par' dir='ltr' id='par_1_2' title="bbox 691 165 2250 229">
     <span class='ocr_line' id='line_1_2' title="bbox 691 165 2250 229; baseline 0.006 -10"><span class='ocrx_word' id='word_1_2' title='bbox 691 214 696 219; x_wconf 80' lang='grc'>.</span> <span class='ocrx_word' id='word_1_3' title='bbox 736 168 908 218; x_wconf 78' lang='grc' dir='ltr'><strong>ΠΕΡΙ</strong></span> <span class='ocrx_word' id='word_1_4' title='bbox 942 166 1233 219; x_wconf 72' lang='grc' dir='ltr'><strong>ΑΡΘΡῼΝ</strong></span> <span class='ocrx_word' id='word_1_5' title='bbox 1268 168 1628 220; x_wconf 69' lang='lat' dir='ltr'><strong><em>mom</em></strong></span> <span class='ocrx_word' id='word_1_6' title='bbox 1665 172 1733 219; x_wconf 67' lang='grc' dir='ltr'><strong><em>εὖ</em></strong></span> <span class='ocrx_word' id='word_1_7' title='bbox 2124 165 2250 229; x_wconf 88' lang='grc'><strong><em>199</em></strong></span> 
     </span>
    </p>
   </div>
   <div class='ocr_carea' id='block_1_3' title="bbox 197 325 2347 2898">
    <p class='ocr_par' dir='ltr' id='par_1_3' title="bbox 197 325 2347 2763">
     <span class='ocr_line' id='line_1_3' title="bbox 221 325 2257 413; baseline 0.001 -22"><span class='ocrx_word' id='word_1_8' title='bbox 221 347 359 392; x_wconf 90' lang='grc' dir='ltr'><strong><em>ται·</em></strong></span> <span class='ocrx_word' id='word_1_9' title='bbox 416 327 904 410; x_wconf 78' lang='grc' dir='ltr'><strong><em>ἑκθηλύνονται</em></strong></span> <span class='ocrx_word' id='word_1_10' title='bbox 942 325 1016 393; x_wconf 72' lang='grc' dir='ltr'><strong><em>δὲ</em></strong></span> <span class='ocrx_word' id='word_1_11' title='bbox 1060 327 1103 411; x_wconf 80' lang='grc' dir='ltr'>ἢ</span> <span class='ocrx_word' id='word_1_12' title='bbox 1150 335 1383 394; x_wconf 87' lang='grc' dir='ltr'><strong><em>πλεῖον</em></strong></span> <span class='ocrx_word' id='word_1_13' title='bbox 1427 328 1468 413; x_wconf 82' lang='grc' dir='ltr'>ἢ</span> <span class='ocrx_word' id='word_1_14' title='bbox 1514 327 1827 394; x_wconf 79' lang='grc' dir='ltr'><strong><em>ἔλασσον·</em></strong></span> <span class='ocrx_word' id='word_1_15' title='bbox 1885 334 2140 413; x_wconf 85' lang='grc' dir='ltr'><strong><em>μᾶλλον</em></strong></span> <span class='ocrx_word' id='word_1_16' title='bbox 2177 329 2257 394; x_wconf 80' lang='grc' dir='ltr'><strong><em>δέ</em></strong></span> 
     </span>
     <span class='ocr_line' id='line_1_4' title="bbox 220 433 2251 520; baseline 0.001 -21"><span class='ocrx_word' id='word_1_17' title='bbox 220 459 283 499; x_wconf 90' lang='grc' dir='ltr'><strong><em>τι</em></strong></span> <span class='ocrx_word' id='word_1_18' title='bbox 331 433 823 517; x_wconf 75' lang='grc' dir='ltr'><strong><em>ἐκθηλύνονται</em></strong></span> <span class='ocrx_word' id='word_1_19' title='bbox 867 437 1032 500; x_wconf 75' lang='grc' dir='ltr'><strong><em>κατὰ</em></strong></span> <span class='ocrx_word' id='word_1_20' title='bbox 1074 436 1149 501; x_wconf 82' lang='grc' dir='ltr'><strong><em>τὸ</em></strong></span> <span class='ocrx_word' id='word_1_21' title='bbox 1196 433 1326 501; x_wconf 79' lang='grc' dir='ltr'><strong><em>ἔσω</em></strong></span> <span class='ocrx_word' id='word_1_22' title='bbox 1371 436 1570 520; x_wconf 84' lang='grc' dir='ltr'><strong><em>μέρος</em></strong></span> <span class='ocrx_word' id='word_1_23' title='bbox 1614 435 1655 519; x_wconf 80' lang='grc' dir='ltr'>ἢ</span> <span class='ocrx_word' id='word_1_24' title='bbox 1692 437 1855 501; x_wconf 82' lang='grc' dir='ltr'><strong><em>κατὰ</em></strong></span> <span class='ocrx_word' id='word_1_25' title='bbox 1889 437 1964 501; x_wconf 88' lang='grc' dir='ltr'><strong><em>τὸ</em></strong></span> <span class='ocrx_word' id='word_1_26' title='bbox 2001 433 2122 514; x_wconf 76' lang='grc' dir='ltr'><strong><em>ἔξω</em></strong></span> <span class='ocrx_word' id='word_1_27' title='bbox 2161 438 2251 513; x_wconf 79' lang='grc' dir='ltr'><strong><em>ὡς</em></strong></span> 
     </span>
     <span class='ocr_line' id='line_1_5' title="bbox 216 539 2250 627; baseline 0.002 -23"><span class='ocrx_word' id='word_1_28' title='bbox 216 539 326 605; x_wconf 80' lang='grc' dir='ltr'><strong><em>ἐπὶ</em></strong></span> <span class='ocrx_word' id='word_1_29' title='bbox 374 542 449 605; x_wconf 91' lang='grc' dir='ltr'><strong><em>τὸ</em></strong></span> <span class='ocrx_word' id='word_1_30' title='bbox 496 543 689 606; x_wconf 88' lang='grc' dir='ltr'><strong><em>πολύ.</em></strong></span> <span class='ocrx_word' id='word_1_31' title='bbox 771 542 846 606; x_wconf 90' lang='grc' dir='ltr'><strong><em>τὸ</em></strong></span> <span class='ocrx_word' id='word_1_32' title='bbox 902 542 1131 626; x_wconf 82' lang='grc' dir='ltr'><strong><em>μέντοι</em></strong></span> <span class='ocrx_word' id='word_1_33' title='bbox 1182 543 1497 626; x_wconf 79' lang='grc' dir='ltr'><em>ὑπόδημα</em></span> <span class='ocrx_word' id='word_1_34' title='bbox 1548 540 1948 627; x_wconf 78' lang='grc' dir='ltr'><strong><em>μετεξέτεροι</em></strong></span> <span class='ocrx_word' id='word_1_35' title='bbox 1994 544 2250 608; x_wconf 89' lang='grc' dir='ltr'><strong><em>τούτων</em></strong></span> 
     </span>
     <span class='ocr_line' id='line_1_6' title="bbox 215 648 2251 734; baseline 0.002 -23"><span class='ocrx_word' id='word_1_36' title='bbox 215 648 630 713; x_wconf 79' lang='grc' dir='ltr'><strong><em>ὑποδεῖσθαι</em></strong></span> <span class='ocrx_word' id='word_1_37' title='bbox 657 648 739 713; x_wconf 85' lang='grc' dir='ltr'><strong><em>οὐ</em></strong></span> <span class='ocrx_word' id='word_1_38' title='bbox 770 649 1092 714; x_wconf 88' lang='grc' dir='ltr'><strong><em>δύνανται</em></strong></span> <span class='ocrx_word' id='word_1_39' title='bbox 1129 650 1242 714; x_wconf 79' lang='grc' dir='ltr'><strong><em>διὰ</em></strong></span> <span class='ocrx_word' id='word_1_40' title='bbox 1276 650 1400 733; x_wconf 79' lang='grc' dir='ltr'><strong><em>τὴν</em></strong></span> <span class='ocrx_word' id='word_1_41' title='bbox 1437 648 1770 734; x_wconf 77' lang='grc' dir='ltr'><strong><em>ἄκαμπίην</em></strong></span> <span class='ocrx_word' id='word_1_42' title='bbox 1805 659 1926 715; x_wconf 89' lang='grc' dir='ltr'><strong><em>τοῦ</em></strong></span> <span class='ocrx_word' id='word_1_43' title='bbox 1963 649 2251 734; x_wconf 83' lang='grc' dir='ltr'><strong><em>σκέλεος,</em></strong></span> 
     </span>
     <span class='ocr_line' id='line_1_7' title="bbox 213 748 2327 841; baseline 0.002 -23"><span class='ocrx_word' id='word_1_44' title='bbox 213 755 290 818; x_wconf 80' lang='grc' dir='ltr'><strong><em>οἱ</em></strong></span> <span class='ocrx_word' id='word_1_45' title='bbox 331 754 415 819; x_wconf 82' lang='grc' dir='ltr'><strong><em>δέ</em></strong></span> <span class='ocrx_word' id='word_1_46' title='bbox 453 779 630 832; x_wconf 80' lang='grc' dir='ltr'><strong><em>τινες</em></strong></span> <span class='ocrx_word' id='word_1_47' title='bbox 666 754 775 821; x_wconf 86' lang='grc' dir='ltr'><strong><em>καὶ</em></strong></span> <span class='ocrx_word' id='word_1_48' title='bbox 814 757 1153 821; x_wconf 85' lang='grc' dir='ltr'><strong><em>δύνανται.</em></strong></span> <span class='ocrx_word' id='word_1_49' title='bbox 1227 748 1363 821; x_wconf 86' lang='grc' dir='ltr'><strong><em>οἷσι</em></strong></span> <span class='ocrx_word' id='word_1_50' title='bbox 1411 755 1471 820; x_wconf 84' lang='grc' dir='ltr'><strong><em>δ’</em></strong></span> <span class='ocrx_word' id='word_1_51' title='bbox 1515 756 1600 822; x_wconf 77' lang='grc' dir='ltr'><strong><em>ἂν</em></strong></span> <span class='ocrx_word' id='word_1_52' title='bbox 1636 754 1712 821; x_wconf 82' lang='grc' dir='ltr'><strong><em>ἐν</em></strong></span> <span class='ocrx_word' id='word_1_53' title='bbox 1748 755 1982 841; x_wconf 78' lang='grc' dir='ltr'><strong><em>γαστρὶ</em></strong></span> <span class='ocrx_word' id='word_1_54' title='bbox 2018 755 2249 822; x_wconf 83' lang='grc' dir='ltr'><strong><em>ἐοῦσιν</em></strong></span> <span class='ocrx_word' id='word_1_55' title='bbox 2303 781 2327 821; x_wconf 80' lang='lat'>⁵</span> 
     </span>
     <span class='ocr_line' id='line_1_8' title="bbox 212 860 2249 948; baseline 0.002 -23"><span class='ocrx_word' id='word_1_56' title='bbox 212 860 598 947; x_wconf 80' lang='grc' dir='ltr'><strong><em>ἐξαρθρήσῃ</em></strong></span> <span class='ocrx_word' id='word_1_57' title='bbox 660 871 860 927; x_wconf 88' lang='grc' dir='ltr'><strong><em>τοῦτο</em></strong></span> <span class='ocrx_word' id='word_1_58' title='bbox 919 865 996 928; x_wconf 90' lang='grc' dir='ltr'><strong><em>τὸ</em></strong></span> <span class='ocrx_word' id='word_1_59' title='bbox 1060 865 1323 948; x_wconf 78' lang='grc' dir='ltr'><strong><em>ἄρθρον</em></strong></span> <span class='ocrx_word' id='word_1_60' title='bbox 1381 862 1422 946; x_wconf 84' lang='grc' dir='ltr'>ἢ</span> <span class='ocrx_word' id='word_1_61' title='bbox 1477 861 1574 928; x_wconf 76' lang='grc' dir='ltr'><strong><em>ἔτι</em></strong></span> <span class='ocrx_word' id='word_1_62' title='bbox 1628 861 1704 928; x_wconf 78' lang='grc' dir='ltr'><strong><em>ἐν</em></strong></span> <span class='ocrx_word' id='word_1_63' title='bbox 1749 861 2015 947; x_wconf 80' lang='grc' dir='ltr'><strong><em>αὐξήσει</em></strong></span> <span class='ocrx_word' id='word_1_64' title='bbox 2060 862 2249 929; x_wconf 77' lang='grc' dir='ltr'><strong><em>ἐοῦσι</em></strong></span> 
     </span>
     <span class='ocr_line' id='line_1_9' title="bbox 211 967 2248 1055; baseline 0.001 -22"><span class='ocrx_word' id='word_1_65' title='bbox 211 971 328 1054; x_wconf 80' lang='grc' dir='ltr'><strong><em>βίῃ</em></strong></span> <span class='ocrx_word' id='word_1_66' title='bbox 378 967 662 1034; x_wconf 84' lang='grc' dir='ltr'><strong><em>ἐκπεσὸν</em></strong></span> <span class='ocrx_word' id='word_1_67' title='bbox 707 971 794 1054; x_wconf 84' lang='grc' dir='ltr'><strong><em>μὴ</em></strong></span> <span class='ocrx_word' id='word_1_68' title='bbox 841 967 1085 1054; x_wconf 82' lang='grc' dir='ltr'><strong><em>ἐμπέσῃ</em></strong></span> <span class='ocrx_word' id='word_1_69' title='bbox 1133 968 1172 1053; x_wconf 81' lang='grc' dir='ltr'><em>ἢ</em></span> <span class='ocrx_word' id='word_1_70' title='bbox 1227 969 1339 1034; x_wconf 81' lang='grc' dir='ltr'><strong><em>καὶ</em></strong></span> <span class='ocrx_word' id='word_1_71' title='bbox 1393 970 1524 1034; x_wconf 86' lang='grc' dir='ltr'><strong><em>ὑπὸ</em></strong></span> <span class='ocrx_word' id='word_1_72' title='bbox 1569 970 1822 1035; x_wconf 84' lang='grc' dir='ltr'><strong><em>νούσου</em></strong></span> <span class='ocrx_word' id='word_1_73' title='bbox 1869 967 2248 1055; x_wconf 76' lang='grc' dir='ltr'><strong><em>ἐξαρθρήσῃ</em></strong></span> 
     </span>
     <span class='ocr_line' id='line_1_10' title="bbox 210 1074 2247 1162; baseline 0 -22"><span class='ocrx_word' id='word_1_74' title='bbox 210 1085 417 1141; x_wconf 89' lang='grc' dir='ltr'><strong><em>τοῦτο</em></strong></span> <span class='ocrx_word' id='word_1_75' title='bbox 464 1078 541 1140; x_wconf 85' lang='grc' dir='ltr'><strong><em>τὸ</em></strong></span> <span class='ocrx_word' id='word_1_76' title='bbox 589 1077 854 1161; x_wconf 76' lang='grc' dir='ltr'><strong><em>ἄρθρον</em></strong></span> <span class='ocrx_word' id='word_1_77' title='bbox 889 1074 998 1141; x_wconf 84' lang='grc' dir='ltr'><strong><em>καὶ</em></strong></span> <span class='ocrx_word' id='word_1_78' title='bbox 1036 1074 1370 1161; x_wconf 78' lang='grc' dir='ltr'><strong><em>ἐκπαλήσῃ</em></strong></span> <span class='ocrx_word' id='word_1_79' title='bbox 1419 1114 1502 1122; x_wconf 95' lang='grc'><strong>-</strong></span> <span class='ocrx_word' id='word_1_80' title='bbox 1550 1077 1764 1141; x_wconf 82' lang='grc' dir='ltr'><strong><em>πολλὰ</em></strong></span> <span class='ocrx_word' id='word_1_81' title='bbox 1809 1077 1935 1162; x_wconf 78' lang='grc' dir='ltr'><strong><em>γὰρ</em></strong></span> <span class='ocrx_word' id='word_1_82' title='bbox 1973 1086 2247 1141; x_wconf 90' lang='grc' dir='ltr'><strong><em>τοιαῦτα</em></strong></span> 
     </span>
     <span class='ocr_line' id='line_1_11' title="bbox 208 1179 2246 1267; baseline 0 -20"><span class='ocrx_word' id='word_1_83' title='bbox 208 1186 473 1265; x_wconf 81' lang='grc' dir='ltr'><strong><em>γίνεται</em></strong></span> <span class='ocrx_word' id='word_1_84' title='bbox 517 1220 608 1229; x_wconf 88' lang='lat'><strong><em>—-</em></strong></span> <span class='ocrx_word' id='word_1_85' title='bbox 652 1182 761 1247; x_wconf 82' lang='grc' dir='ltr'><strong><em>καὶ</em></strong></span> <span class='ocrx_word' id='word_1_86' title='bbox 809 1181 1010 1247; x_wconf 81' lang='grc' dir='ltr'><strong><em>ἐνίων</em></strong></span> <span class='ocrx_word' id='word_1_87' title='bbox 1054 1179 1177 1267; x_wconf 76' lang='grc' dir='ltr'><strong><em>μὲν</em></strong></span> <span class='ocrx_word' id='word_1_88' title='bbox 1221 1194 1359 1248; x_wconf 78' lang='grc' dir='ltr'><strong><em>τῶν</em></strong></span> <span class='ocrx_word' id='word_1_89' title='bbox 1393 1184 1718 1248; x_wconf 83' lang='grc' dir='ltr'><strong><em>τοιούτων</em></strong></span> <span class='ocrx_word' id='word_1_90' title='bbox 1763 1181 1848 1265; x_wconf 78' lang='grc' dir='ltr'><strong><em>ἣν</em></strong></span> <span class='ocrx_word' id='word_1_91' title='bbox 1891 1180 2246 1266; x_wconf 81' lang='grc' dir='ltr'><strong><em>ἐπισφακε-</em></strong></span> 
     </span>
     <span class='ocr_line' id='line_1_12' title="bbox 213 1287 2326 1375; baseline 0.001 -21"><span class='ocrx_word' id='word_1_92' title='bbox 213 1293 376 1375; x_wconf 83' lang='grc' dir='ltr'><strong><em>λίσῃ</em></strong></span> <span class='ocrx_word' id='word_1_93' title='bbox 427 1290 464 1354; x_wconf 87' lang='grc' dir='ltr'>ὁ</span> <span class='ocrx_word' id='word_1_94' title='bbox 511 1292 750 1372; x_wconf 82' lang='grc' dir='ltr'><strong><em>μηρός,</em></strong></span> <span class='ocrx_word' id='word_1_95' title='bbox 793 1287 1182 1373; x_wconf 77' lang='grc' dir='ltr'><strong><em>ἐμπυήματα</em></strong></span> <span class='ocrx_word' id='word_1_96' title='bbox 1236 1291 1473 1374; x_wconf 88' lang='grc' dir='ltr'><strong><em>χρόνια</em></strong></span> <span class='ocrx_word' id='word_1_97' title='bbox 1526 1288 1636 1354; x_wconf 84' lang='grc' dir='ltr'><strong><em>καὶ</em></strong></span> <span class='ocrx_word' id='word_1_98' title='bbox 1692 1291 1938 1374; x_wconf 84' lang='grc' dir='ltr'><strong><em>ἔμμοτα</em></strong></span> <span class='ocrx_word' id='word_1_99' title='bbox 1992 1291 2245 1372; x_wconf 80' lang='grc' dir='ltr'><strong><em>γίνεται</em></strong></span> <span class='ocrx_word' id='word_1_100' title='bbox 2273 1318 2326 1357; x_wconf 85' lang='lat'><strong><em>10</em></strong></span> 
     </span>
     <span class='ocr_line' id='line_1_13' title="bbox 206 1386 2245 1480; baseline -0.001 -19"><span class='ocrx_word' id='word_1_101' title='bbox 206 1395 323 1461; x_wconf 81' lang='grc' dir='ltr'><strong><em>καὶ</em></strong></span> <span class='ocrx_word' id='word_1_102' title='bbox 390 1395 640 1461; x_wconf 77' lang='grc' dir='ltr'><strong><em>ὀστέων</em></strong></span> <span class='ocrx_word' id='word_1_103' title='bbox 696 1397 1009 1474; x_wconf 81' lang='grc' dir='ltr'><strong><em>ψιλώσιες</em></strong></span> <span class='ocrx_word' id='word_1_104' title='bbox 1067 1394 1377 1461; x_wconf 77' lang='grc' dir='ltr'><strong><em>ἐνίοισιν·</em></strong></span> <span class='ocrx_word' id='word_1_105' title='bbox 1448 1396 1689 1480; x_wconf 81' lang='grc' dir='ltr'><strong><em>ὁμοίως</em></strong></span> <span class='ocrx_word' id='word_1_106' title='bbox 1754 1392 1827 1460; x_wconf 76' lang='grc' dir='ltr'><strong><em>δὲ</em></strong></span> <span class='ocrx_word' id='word_1_107' title='bbox 1890 1394 2000 1460; x_wconf 84' lang='grc' dir='ltr'><strong><em>καὶ</em></strong></span> <span class='ocrx_word' id='word_1_108' title='bbox 2065 1386 2245 1461; x_wconf 89' lang='grc' dir='ltr'><strong><em>οἷσιν</em></strong></span> 
     </span>
     <span class='ocr_line' id='line_1_14' title="bbox 203 1494 2347 1588; baseline 0 -20"><span class='ocrx_word' id='word_1_109' title='bbox 203 1502 703 1587; x_wconf 81' lang='grc' dir='ltr'><strong><em>ἐπισφακελίζει</em></strong></span> <span class='ocrx_word' id='word_1_110' title='bbox 744 1501 752 1588; x_wconf 89' lang='grc' dir='ltr'>Ι</span> <span class='ocrx_word' id='word_1_111' title='bbox 793 1502 904 1567; x_wconf 77' lang='grc' dir='ltr'><strong><em>καὶ</em></strong></span> <span class='ocrx_word' id='word_1_112' title='bbox 952 1494 1132 1568; x_wconf 85' lang='grc' dir='ltr'><strong><em>οἷσιν</em></strong></span> <span class='ocrx_word' id='word_1_113' title='bbox 1177 1503 1264 1585; x_wconf 86' lang='grc' dir='ltr'><strong><em>μὴ</em></strong></span> <span class='ocrx_word' id='word_1_114' title='bbox 1311 1500 1796 1585; x_wconf 79' lang='grc' dir='ltr'><strong><em>ε’πισφακελίζει</em></strong></span> <span class='ocrx_word' id='word_1_115' title='bbox 1838 1512 1962 1568; x_wconf 90' lang='grc' dir='ltr'><strong><em>τοῦ</em></strong></span> <span class='ocrx_word' id='word_1_116' title='bbox 2005 1512 2224 1587; x_wconf 84' lang='grc' dir='ltr'><strong><em>μηροῦ</em></strong></span> <span class='ocrx_word' id='word_1_117' title='bbox 2244 1522 2347 1569; x_wconf 74' lang='lat'><strong><em>242</em></strong></span> 
     </span>
     <span class='ocr_line' id='line_1_15' title="bbox 203 1608 2243 1696; baseline -0 -22"><span class='ocrx_word' id='word_1_118' title='bbox 203 1612 279 1675; x_wconf 90' lang='grc' dir='ltr'><strong><em>τὸ</em></strong></span> <span class='ocrx_word' id='word_1_119' title='bbox 331 1609 597 1691; x_wconf 84' lang='grc' dir='ltr'><strong><em>ὀστέον,</em></strong></span> <span class='ocrx_word' id='word_1_120' title='bbox 642 1614 868 1696; x_wconf 72' lang='grc' dir='ltr'><strong><em>πολλῷ</em></strong></span> <span class='ocrx_word' id='word_1_121' title='bbox 914 1609 1326 1694; x_wconf 82' lang='grc' dir='ltr'><strong><em>βραχύτερον</em></strong></span> <span class='ocrx_word' id='word_1_122' title='bbox 1382 1611 1632 1690; x_wconf 80' lang='grc' dir='ltr'><strong><em>γίνεται</em></strong></span> <span class='ocrx_word' id='word_1_123' title='bbox 1686 1608 1796 1674; x_wconf 82' lang='grc' dir='ltr'><strong><em>καὶ</em></strong></span> <span class='ocrx_word' id='word_1_124' title='bbox 1844 1609 1969 1674; x_wconf 83' lang='grc' dir='ltr'><strong><em>οὐκ</em></strong></span> <span class='ocrx_word' id='word_1_125' title='bbox 2022 1608 2243 1674; x_wconf 80' lang='grc' dir='ltr'><strong><em>ἐθέλει</em></strong></span> 
     </span>
     <span class='ocr_line' id='line_1_16' title="bbox 206 1713 2242 1800; baseline -0.001 -19"><span class='ocrx_word' id='word_1_126' title='bbox 206 1714 702 1799; x_wconf 78' lang='grc' dir='ltr'><strong><em>συναύξεσθαι,</em></strong></span> <span class='ocrx_word' id='word_1_127' title='bbox 749 1717 965 1800; x_wconf 81' lang='grc' dir='ltr'><strong><em>ὥσπερ</em></strong></span> <span class='ocrx_word' id='word_1_128' title='bbox 1023 1724 1143 1780; x_wconf 89' lang='grc' dir='ltr'><strong><em>τοῦ</em></strong></span> <span class='ocrx_word' id='word_1_129' title='bbox 1199 1714 1442 1798; x_wconf 78' lang='grc' dir='ltr'><strong><em>ὑγιέος.</em></strong></span> <span class='ocrx_word' id='word_1_130' title='bbox 1515 1716 1596 1778; x_wconf 78' lang='grc' dir='ltr'><strong><em>τὰ</em></strong></span> <span class='ocrx_word' id='word_1_131' title='bbox 1647 1713 1876 1795; x_wconf 83' lang='grc' dir='ltr'><strong><em>μέντοι</em></strong></span> <span class='ocrx_word' id='word_1_132' title='bbox 1928 1725 2042 1798; x_wconf 83' lang='grc' dir='ltr'><strong><em>τῆς</em></strong></span> <span class='ocrx_word' id='word_1_133' title='bbox 2085 1718 2242 1797; x_wconf 80' lang='grc' dir='ltr'><strong><em>κνή-</em></strong></span> 
     </span>
     <span class='ocr_line' id='line_1_17' title="bbox 202 1819 2319 1909; baseline 0.001 -21"><span class='ocrx_word' id='word_1_134' title='bbox 202 1848 337 1909; x_wconf 80' lang='grc' dir='ltr'><strong><em>μης</em></strong></span> <span class='ocrx_word' id='word_1_135' title='bbox 384 1822 758 1907; x_wconf 87' lang='grc' dir='ltr'><strong><em>βραχύτερα</em></strong></span> <span class='ocrx_word' id='word_1_136' title='bbox 802 1819 925 1904; x_wconf 74' lang='grc' dir='ltr'><strong><em>μὲν</em></strong></span> <span class='ocrx_word' id='word_1_137' title='bbox 971 1823 1223 1904; x_wconf 78' lang='grc' dir='ltr'><strong><em>γίνεται</em></strong></span> <span class='ocrx_word' id='word_1_138' title='bbox 1270 1822 1310 1905; x_wconf 79' lang='grc' dir='ltr'><em>ἢ</em></span> <span class='ocrx_word' id='word_1_139' title='bbox 1356 1823 1437 1885; x_wconf 80' lang='grc' dir='ltr'><strong><em>τὰ</em></strong></span> <span class='ocrx_word' id='word_1_140' title='bbox 1471 1830 1587 1904; x_wconf 79' lang='grc' dir='ltr'><strong><em>τῆς</em></strong></span> <span class='ocrx_word' id='word_1_141' title='bbox 1623 1820 1875 1905; x_wconf 74' lang='grc' dir='ltr'><strong><em>ἑτέρης,</em></strong></span> <span class='ocrx_word' id='word_1_142' title='bbox 1923 1821 2128 1909; x_wconf 75' lang='grc' dir='ltr'><strong><em>ὀλίγῳ</em></strong></span> <span class='ocrx_word' id='word_1_143' title='bbox 2165 1821 2241 1886; x_wconf 76' lang='grc' dir='ltr'><strong><em>δὲ</em></strong></span> <span class='ocrx_word' id='word_1_144' title='bbox 2270 1851 2319 1891; x_wconf 87' lang='lat'><strong><em>15</em></strong></span> 
     </span>
     <span class='ocr_line' id='line_1_18' title="bbox 203 1926 2239 2015; baseline -0.001 -19"><span class='ocrx_word' id='word_1_145' title='bbox 203 1932 325 1997; x_wconf 76' lang='grc' dir='ltr'><strong><em>διὰ</em></strong></span> <span class='ocrx_word' id='word_1_146' title='bbox 371 1931 489 2007; x_wconf 81' lang='grc' dir='ltr'><strong><em>τὰς</em></strong></span> <span class='ocrx_word' id='word_1_147' title='bbox 535 1929 736 2007; x_wconf 79' lang='grc' dir='ltr'><strong><em>αὐτὰς</em></strong></span> <span class='ocrx_word' id='word_1_148' title='bbox 790 1929 1197 2015; x_wconf 79' lang='grc' dir='ltr'><strong><em>προφάσιας,</em></strong></span> <span class='ocrx_word' id='word_1_149' title='bbox 1258 1931 1333 1993; x_wconf 81' lang='grc' dir='ltr'><strong><em>αἳ</em></strong></span> <span class='ocrx_word' id='word_1_150' title='bbox 1386 1926 1496 1994; x_wconf 86' lang='grc' dir='ltr'><strong><em>καὶ</em></strong></span> <span class='ocrx_word' id='word_1_151' title='bbox 1556 1930 1860 2015; x_wconf 84' lang='grc' dir='ltr'><strong><em>πρόσθεν</em></strong></span> <span class='ocrx_word' id='word_1_152' title='bbox 1919 1928 2239 2015; x_wconf 76' lang='grc' dir='ltr'><strong><em>εἴρηνται·</em></strong></span> 
     </span>
     <span class='ocr_line' id='line_1_19' title="bbox 202 2033 2239 2122; baseline -0.002 -17"><span class='ocrx_word' id='word_1_153' title='bbox 202 2040 601 2122; x_wconf 80' lang='grc' dir='ltr'><strong><em>ὁδοιπορεῖν</em></strong></span> <span class='ocrx_word' id='word_1_154' title='bbox 647 2033 721 2101; x_wconf 72' lang='grc' dir='ltr'><strong><em>δὲ</em></strong></span> <span class='ocrx_word' id='word_1_155' title='bbox 768 2037 1089 2102; x_wconf 85' lang='grc' dir='ltr'><strong><em>δύνανται</em></strong></span> <span class='ocrx_word' id='word_1_156' title='bbox 1134 2037 1201 2101; x_wconf 82' lang='grc' dir='ltr'><strong><em>οὶ</em></strong></span> <span class='ocrx_word' id='word_1_157' title='bbox 1246 2045 1570 2119; x_wconf 89' lang='grc' dir='ltr'><strong><em>τοιοῦτοι,</em></strong></span> <span class='ocrx_word' id='word_1_158' title='bbox 1627 2038 1692 2101; x_wconf 78' lang='grc' dir='ltr'><strong><em>οἱ</em></strong></span> <span class='ocrx_word' id='word_1_159' title='bbox 1737 2035 1860 2120; x_wconf 80' lang='grc' dir='ltr'><strong><em>μέν</em></strong></span> <span class='ocrx_word' id='word_1_160' title='bbox 1904 2060 2077 2112; x_wconf 83' lang='grc' dir='ltr'><strong><em>τινες</em></strong></span> <span class='ocrx_word' id='word_1_161' title='bbox 2122 2037 2239 2101; x_wconf 78' lang='grc' dir='ltr'><strong><em>αὐ·-</em></strong></span> 
     </span>
     <span class='ocr_line' id='line_1_20' title="bbox 199 2135 2235 2229; baseline -0.001 -18"><span class='ocrx_word' id='word_1_162' title='bbox 199 2158 345 2211; x_wconf 80' lang='grc' dir='ltr'><strong><em>τῶν</em></strong></span> <span class='ocrx_word' id='word_1_163' title='bbox 397 2155 643 2210; x_wconf 88' lang='grc' dir='ltr'><strong><em>τοῦτον</em></strong></span> <span class='ocrx_word' id='word_1_164' title='bbox 695 2143 813 2208; x_wconf 89' lang='grc' dir='ltr'><strong><em>τὸν</em></strong></span> <span class='ocrx_word' id='word_1_165' title='bbox 866 2145 1147 2227; x_wconf 87' lang='grc' dir='ltr'><strong><em>τρόπον,</em></strong></span> <span class='ocrx_word' id='word_1_166' title='bbox 1204 2143 1423 2228; x_wconf 81' lang='grc' dir='ltr'><strong><em>ὥσπερ</em></strong></span> <span class='ocrx_word' id='word_1_167' title='bbox 1480 2135 1616 2208; x_wconf 82' lang='grc' dir='ltr'><strong><em>οἶσι</em></strong></span> <span class='ocrx_word' id='word_1_168' title='bbox 1660 2143 2235 2229; x_wconf 85' lang='grc' dir='ltr'><strong><em>τετελεωμένοισιν</em></strong></span> 
     </span>
     <span class='ocr_line' id='line_1_21' title="bbox 203 2247 2239 2335; baseline -0.001 -17"><span class='ocrx_word' id='word_1_169' title='bbox 203 2251 515 2330; x_wconf 79' lang='grc' dir='ltr'><strong><em>ἐξέπεσεν</em></strong></span> <span class='ocrx_word' id='word_1_170' title='bbox 576 2249 685 2315; x_wconf 86' lang='grc' dir='ltr'><strong><em>καὶ</em></strong></span> <span class='ocrx_word' id='word_1_171' title='bbox 750 2251 838 2334; x_wconf 81' lang='grc' dir='ltr'><strong><em>μὴ</em></strong></span> <span class='ocrx_word' id='word_1_172' title='bbox 903 2248 1240 2331; x_wconf 80' lang='grc' dir='ltr'><strong><em>ἐνέπεσεν,</em></strong></span> <span class='ocrx_word' id='word_1_173' title='bbox 1306 2250 1372 2313; x_wconf 84' lang='grc' dir='ltr'><strong><em>οὶ</em></strong></span> <span class='ocrx_word' id='word_1_174' title='bbox 1435 2250 1510 2314; x_wconf 75' lang='grc' dir='ltr'><strong><em>δὲ</em></strong></span> <span class='ocrx_word' id='word_1_175' title='bbox 1572 2248 1682 2314; x_wconf 87' lang='grc' dir='ltr'><strong><em>καὶ</em></strong></span> <span class='ocrx_word' id='word_1_176' title='bbox 1746 2252 2056 2332; x_wconf 83' lang='grc' dir='ltr'><strong><em>βαίνουσι</em></strong></span> <span class='ocrx_word' id='word_1_177' title='bbox 2115 2247 2239 2335; x_wconf 74' lang='grc' dir='ltr'><strong><em>μὲν</em></strong></span> 
     </span>
     <span class='ocr_line' id='line_1_22' title="bbox 197 2351 2318 2445; baseline -0 -21"><span class='ocrx_word' id='word_1_178' title='bbox 197 2356 407 2425; x_wconf 87' lang='grc' dir='ltr'><strong><em>παντὶ</em></strong></span> <span class='ocrx_word' id='word_1_179' title='bbox 455 2365 546 2445; x_wconf 80' lang='grc' dir='ltr'><strong><em>τῷ</em></strong></span> <span class='ocrx_word' id='word_1_180' title='bbox 584 2357 772 2440; x_wconf 91' lang='grc' dir='ltr'><strong><em>ποδί,</em></strong></span> <span class='ocrx_word' id='word_1_181' title='bbox 820 2355 1254 2442; x_wconf 85' lang='grc' dir='ltr'><strong><em>διαρρέπουσι</em></strong></span> <span class='ocrx_word' id='word_1_182' title='bbox 1302 2351 1375 2419; x_wconf 76' lang='grc' dir='ltr'><strong><em>δὲ</em></strong></span> <span class='ocrx_word' id='word_1_183' title='bbox 1423 2355 1497 2420; x_wconf 83' lang='grc' dir='ltr'><strong><em>ἐν</em></strong></span> <span class='ocrx_word' id='word_1_184' title='bbox 1541 2365 1733 2441; x_wconf 79' lang='grc' dir='ltr'><strong><em>τῇσιν</em></strong></span> <span class='ocrx_word' id='word_1_185' title='bbox 1770 2356 2236 2441; x_wconf 80' lang='grc' dir='ltr'><strong><em>ὁδοιπορίῃσιν</em></strong></span> <span class='ocrx_word' id='word_1_186' title='bbox 2264 2386 2318 2425; x_wconf 74' lang='lat'><strong><em>80</em></strong></span> 
     </span>
     <span class='ocr_line' id='line_1_23' title="bbox 200 2460 2237 2548; baseline -0.001 -17"><span class='ocrx_word' id='word_1_187' title='bbox 200 2466 731 2548; x_wconf 80' lang='grc' dir='ltr'><strong><em>ἀναγκαζόμενοι</em></strong></span> <span class='ocrx_word' id='word_1_188' title='bbox 778 2464 889 2528; x_wconf 84' lang='grc' dir='ltr'><strong><em>διὰ</em></strong></span> <span class='ocrx_word' id='word_1_189' title='bbox 932 2463 1055 2545; x_wconf 81' lang='grc' dir='ltr'><strong><em>τὴν</em></strong></span> <span class='ocrx_word' id='word_1_190' title='bbox 1098 2463 1475 2546; x_wconf 83' lang='grc' dir='ltr'><strong><em>βραχύτητα</em></strong></span> <span class='ocrx_word' id='word_1_191' title='bbox 1518 2471 1639 2527; x_wconf 87' lang='grc' dir='ltr'><strong><em>τοῦ</em></strong></span> <span class='ocrx_word' id='word_1_192' title='bbox 1677 2460 1959 2538; x_wconf 81' lang='grc' dir='ltr'><strong><em>σκέλεος.</em></strong></span> <span class='ocrx_word' id='word_1_193' title='bbox 2031 2473 2237 2529; x_wconf 88' lang='grc' dir='ltr'><strong><em>ταῦτα</em></strong></span> 
     </span>
     <span class='ocr_line' id='line_1_24' title="bbox 198 2564 2233 2655; baseline -0.002 -18"><span class='ocrx_word' id='word_1_194' title='bbox 198 2571 523 2655; x_wconf 79' lang='grc' dir='ltr'><strong><em>μέν&lt;τοι&gt;</em></strong></span> <span class='ocrx_word' id='word_1_195' title='bbox 567 2579 840 2635; x_wconf 89' lang='grc' dir='ltr'><strong><em>τοιαῦτα</em></strong></span> <span class='ocrx_word' id='word_1_196' title='bbox 886 2571 1164 2652; x_wconf 78' lang='grc' dir='ltr'><strong><em>γίνεται,</em></strong></span> <span class='ocrx_word' id='word_1_197' title='bbox 1212 2568 1297 2651; x_wconf 81' lang='grc' dir='ltr'><strong><em>ἢν</em></strong></span> <span class='ocrx_word' id='word_1_198' title='bbox 1347 2567 1698 2653; x_wconf 79' lang='grc' dir='ltr'><strong><em>ἐπιμελέως</em></strong></span> <span class='ocrx_word' id='word_1_199' title='bbox 1742 2564 1866 2653; x_wconf 72' lang='grc' dir='ltr'><strong><em>μὲν</em></strong></span> <span class='ocrx_word' id='word_1_200' title='bbox 1901 2569 2233 2652; x_wconf 76' lang='grc' dir='ltr'><strong><em>παιδαγω-</em></strong></span> 
     </span>
     <span class='ocr_line' id='line_1_25' title="bbox 202 2663 2233 2763; baseline -0.002 -20"><span class='ocrx_word' id='word_1_201' title='bbox 202 2677 550 2763; x_wconf 79' lang='grc' dir='ltr'><strong><em>γηθέωσιν</em></strong></span> <span class='ocrx_word' id='word_1_202' title='bbox 596 2676 669 2742; x_wconf 84' lang='grc' dir='ltr'><strong><em>ἐν</em></strong></span> <span class='ocrx_word' id='word_1_203' title='bbox 714 2686 889 2741; x_wconf 88' lang='grc' dir='ltr'><strong><em>τοῖσι</em></strong></span> <span class='ocrx_word' id='word_1_204' title='bbox 936 2678 1262 2760; x_wconf 85' lang='grc' dir='ltr'><strong><em>σχήμασιν</em></strong></span> <span class='ocrx_word' id='word_1_205' title='bbox 1316 2672 1426 2740; x_wconf 84' lang='grc' dir='ltr'><strong><em>καὶ</em></strong></span> <span class='ocrx_word' id='word_1_206' title='bbox 1483 2674 1734 2760; x_wconf 82' lang='grc' dir='ltr'><strong><em>ὀρθῶς,</em></strong></span> <span class='ocrx_word' id='word_1_207' title='bbox 1790 2674 1864 2740; x_wconf 85' lang='grc' dir='ltr'><strong><em>ἐν</em></strong></span> <span class='ocrx_word' id='word_1_208' title='bbox 1919 2663 2054 2739; x_wconf 88' lang='grc' dir='ltr'><strong><em>οἷσι</em></strong></span> <span class='ocrx_word' id='word_1_209' title='bbox 2110 2675 2233 2758; x_wconf 90' lang='grc' dir='ltr'><strong><em>δεῖ,</em></strong></span> 
     </span>
    </p>

    <p class='ocr_par' dir='ltr' id='par_1_4' title="bbox 355 2829 2230 2898">
     <span class='ocr_line' id='line_1_26' title="bbox 355 2829 2230 2898; baseline -0.001 -11"><span class='ocrx_word' id='word_1_210' title='bbox 355 2842 380 2887; x_wconf 95' lang='grc'>1</span> <span class='ocrx_word' id='word_1_211' title='bbox 422 2832 478 2889; x_wconf 89' lang='grc' dir='ltr'><strong><em>δ’</em></strong></span> <span class='ocrx_word' id='word_1_212' title='bbox 515 2831 598 2888; x_wconf 80' lang='grc' dir='ltr'><strong><em>ὅτι</em></strong></span> <span class='ocrx_word' id='word_1_213' title='bbox 634 2834 707 2898; x_wconf 91' lang='grc' dir='ltr'><strong><em>Β,</em></strong></span> <span class='ocrx_word' id='word_1_214' title='bbox 764 2829 822 2888; x_wconf 87' lang='grc' dir='ltr'><strong><em>δ’</em></strong></span> <span class='ocrx_word' id='word_1_215' title='bbox 856 2832 936 2887; x_wconf 75' lang='grc' dir='ltr'><strong><em>ἔτι</em></strong></span> <span class='ocrx_word' id='word_1_216' title='bbox 972 2831 1023 2885; x_wconf 90' lang='lat' dir='ltr'><strong>V</strong></span> <span class='ocrx_word' id='word_1_217' title='bbox 1203 2839 1233 2885; x_wconf 83' lang='lat'><strong>2</strong></span> <span class='ocrx_word' id='word_1_218' title='bbox 1293 2832 1425 2884; x_wconf 65' lang='lat' dir='ltr'>ante</span> <span class='ocrx_word' id='word_1_219' title='bbox 1462 2831 1606 2885; x_wconf 80' lang='grc' dir='ltr'><strong><em>κατὰ</em></strong></span> <span class='ocrx_word' id='word_1_220' title='bbox 1644 2832 1771 2885; x_wconf 83' lang='lat' dir='ltr'>add.</span> <span class='ocrx_word' id='word_1_221' title='bbox 1813 2830 1874 2885; x_wconf 80' lang='grc' dir='ltr'><strong><em>αἱ</em></strong></span> <span class='ocrx_word' id='word_1_222' title='bbox 1910 2832 1955 2884; x_wconf 94' lang='grc' dir='ltr'>Β</span> <span class='ocrx_word' id='word_1_223' title='bbox 2101 2830 2230 2886; x_wconf 82' lang='grc' dir='ltr'><strong><em>εἴσω</em></strong></span> 
     </span>
    </p>
   </div>
   <div class='ocr_carea' id='block_1_4' title="bbox 199 2900 2229 3617">
    <p class='ocr_par' dir='ltr' id='par_1_5' title="bbox 199 2900 2229 3617">
     <span class='ocr_line' id='line_1_27' title="bbox 199 2900 2229 2972; baseline -0.002 -12"><span class='ocrx_word' id='word_1_224' title='bbox 199 2907 328 2960; x_wconf 78' lang='lat' dir='ltr'><strong><em>MV</em></strong></span> <span class='ocrx_word' id='word_1_225' title='bbox 466 2911 498 2958; x_wconf 83' lang='lat'><strong>3</strong></span> <span class='ocrx_word' id='word_1_226' title='bbox 537 2903 756 2959; x_wconf 81' lang='grc' dir='ltr'><strong><em>ὑποδέε.</em></strong></span> <span class='ocrx_word' id='word_1_227' title='bbox 798 2904 957 2958; x_wconf 82' lang='lat' dir='ltr'><strong>codd.</strong></span> <span class='ocrx_word' id='word_1_228' title='bbox 1096 2908 1127 2956; x_wconf 83' lang='grc' dir='ltr'>ὅ</span> <span class='ocrx_word' id='word_1_229' title='bbox 1165 2903 1229 2958; x_wconf 79' lang='grc' dir='ltr'><strong><em>δὲ</em></strong></span> <span class='ocrx_word' id='word_1_230' title='bbox 1266 2900 1339 2957; x_wconf 70' lang='grc' dir='ltr'><strong><em>ἂν</em></strong></span> <span class='ocrx_word' id='word_1_231' title='bbox 1377 2902 1436 2954; x_wconf 89' lang='grc' dir='ltr'><strong>Μ</strong></span> <span class='ocrx_word' id='word_1_232' title='bbox 1509 2902 1662 2957; x_wconf 88' lang='grc' dir='ltr'><strong><em>ἐοῦσι</em></strong></span> <span class='ocrx_word' id='word_1_233' title='bbox 1685 2902 1765 2972; x_wconf 69' lang='grc' dir='ltr'><strong><em>ν’)</em></strong></span> <span class='ocrx_word' id='word_1_234' title='bbox 1801 2903 1861 2955; x_wconf 88' lang='grc' dir='ltr'><strong>Μ</strong></span> <span class='ocrx_word' id='word_1_235' title='bbox 1934 2903 2087 2957; x_wconf 89' lang='grc' dir='ltr'><strong><em>ἐοῦσι</em></strong></span> <span class='ocrx_word' id='word_1_236' title='bbox 2124 2919 2229 2956; x_wconf 87' lang='lat' dir='ltr'><strong><em>om.</em></strong></span> 
     </span>
     <span class='ocr_line' id='line_1_28' title="bbox 202 2971 2090 3043; baseline -0.003 -10"><span class='ocrx_word' id='word_1_237' title='bbox 202 2979 254 3033; x_wconf 90' lang='lat' dir='ltr'><strong>V</strong></span> <span class='ocrx_word' id='word_1_238' title='bbox 441 2983 469 3030; x_wconf 79' lang='lat'>7</span> <span class='ocrx_word' id='word_1_239' title='bbox 528 2977 659 3029; x_wconf 74' lang='lat' dir='ltr'>ante</span> <span class='ocrx_word' id='word_1_240' title='bbox 697 2975 770 3043; x_wconf 83' lang='grc' dir='ltr'><strong><em>μὴ</em></strong></span> <span class='ocrx_word' id='word_1_241' title='bbox 809 2975 937 3028; x_wconf 84' lang='lat' dir='ltr'>add.</span> <span class='ocrx_word' id='word_1_242' title='bbox 975 2975 1074 3028; x_wconf 82' lang='grc' dir='ltr'><strong><em>καὶ</em></strong></span> <span class='ocrx_word' id='word_1_243' title='bbox 1108 2974 1230 3027; x_wconf 89' lang='lat' dir='ltr'><strong><em>MV</em></strong></span> <span class='ocrx_word' id='word_1_244' title='bbox 1375 2971 1492 3028; x_wconf 88' lang='grc' dir='ltr'><strong><em>νόσ.</em></strong></span> <span class='ocrx_word' id='word_1_245' title='bbox 1531 2974 1645 3026; x_wconf 92' lang='grc' dir='ltr'><strong><em>ΒΜ</em></strong></span> <span class='ocrx_word' id='word_1_246' title='bbox 1719 3016 1734 3040; x_wconf 93' lang='grc'><strong><em>,</em></strong></span> <span class='ocrx_word' id='word_1_247' title='bbox 1789 2973 1941 3028; x_wconf 88' lang='grc' dir='ltr'><strong><em>νούσ.</em></strong></span> <span class='ocrx_word' id='word_1_248' title='bbox 1982 2973 2090 3027; x_wconf 89' lang='grc' dir='ltr'><strong><em>ΕΚ</em></strong></span> 
     </span>
     <span class='ocr_line' id='line_1_29' title="bbox 204 3041 2229 3116; baseline -0.001 -13"><span class='ocrx_word' id='word_1_249' title='bbox 204 3057 271 3103; x_wconf 84' lang='grc'><strong><em>12</em></strong></span> <span class='ocrx_word' id='word_1_250' title='bbox 314 3043 732 3116; x_wconf 77' lang='grc' dir='ltr'><strong><em>ἐπισφακελίσει</em></strong></span> <span class='ocrx_word' id='word_1_251' title='bbox 767 3047 1004 3114; x_wconf 72' lang='lat' dir='ltr'>utroque</span> <span class='ocrx_word' id='word_1_252' title='bbox 1039 3045 1164 3099; x_wconf 86' lang='lat' dir='ltr'>loco</span> <span class='ocrx_word' id='word_1_253' title='bbox 1193 3044 1244 3098; x_wconf 87' lang='lat' dir='ltr'><strong>V</strong></span> <span class='ocrx_word' id='word_1_254' title='bbox 1353 3046 1450 3099; x_wconf 79' lang='grc' dir='ltr'><strong><em>καὶ</em></strong></span> <span class='ocrx_word' id='word_1_255' title='bbox 1486 3041 1632 3100; x_wconf 84' lang='grc' dir='ltr'><strong><em>οἷσιν</em></strong></span> <span class='ocrx_word' id='word_1_256' title='bbox 1668 3044 1742 3113; x_wconf 83' lang='grc' dir='ltr'><strong><em>μὴ</em></strong></span> <span class='ocrx_word' id='word_1_257' title='bbox 1782 3045 1967 3114; x_wconf 77' lang='grc' dir='ltr'><strong><em>ἐπισφ.</em></strong></span> <span class='ocrx_word' id='word_1_258' title='bbox 2007 3062 2115 3099; x_wconf 88' lang='lat' dir='ltr'><strong><em>om.</em></strong></span> <span class='ocrx_word' id='word_1_259' title='bbox 2154 3046 2229 3112; x_wconf 87' lang='lat' dir='ltr'><strong><em>M,</em></strong></span> 
     </span>
     <span class='ocr_line' id='line_1_30' title="bbox 199 3113 2227 3188; baseline -0.001 -14"><span class='ocrx_word' id='word_1_260' title='bbox 199 3121 333 3175; x_wconf 76' lang='lat' dir='ltr'><strong>add.</strong></span> <span class='ocrx_word' id='word_1_261' title='bbox 372 3120 410 3173; x_wconf 88' lang='lat' dir='ltr'><strong><em>i.</em></strong></span> <span class='ocrx_word' id='word_1_262' title='bbox 449 3138 522 3173; x_wconf 89' lang='lat' dir='ltr'><strong><em>m.</em></strong></span> <span class='ocrx_word' id='word_1_263' title='bbox 561 3119 682 3172; x_wconf 78' lang='lat' dir='ltr'><strong>ead.</strong></span> <span class='ocrx_word' id='word_1_264' title='bbox 721 3135 793 3170; x_wconf 89' lang='lat' dir='ltr'><strong><em>m.</em></strong></span> <span class='ocrx_word' id='word_1_265' title='bbox 907 3113 1019 3171; x_wconf 86' lang='grc' dir='ltr'><strong><em>οἶσι</em></strong></span> <span class='ocrx_word' id='word_1_266' title='bbox 1054 3116 1127 3185; x_wconf 84' lang='grc' dir='ltr'><strong><em>μὴ</em></strong></span> <span class='ocrx_word' id='word_1_267' title='bbox 1156 3115 1277 3168; x_wconf 89' lang='lat' dir='ltr'><strong><em>MV</em></strong></span> <span class='ocrx_word' id='word_1_268' title='bbox 1422 3121 1490 3168; x_wconf 84' lang='lat'><strong><em>14</em></strong></span> <span class='ocrx_word' id='word_1_269' title='bbox 1525 3116 1748 3181; x_wconf 80' lang='grc' dir='ltr'><strong><em>ξυναύξ.</em></strong></span> <span class='ocrx_word' id='word_1_270' title='bbox 1778 3116 1837 3168; x_wconf 91' lang='grc' dir='ltr'><strong><em>Μ</em></strong></span> <span class='ocrx_word' id='word_1_271' title='bbox 1983 3122 2049 3170; x_wconf 81' lang='lat'><strong><em>15</em></strong></span> <span class='ocrx_word' id='word_1_272' title='bbox 2087 3115 2227 3188; x_wconf 74' lang='grc' dir='ltr'><strong><em>γίγν.</em></strong></span> 
     </span>
     <span class='ocr_line' id='line_1_31' title="bbox 202 3186 2125 3256; baseline -0.001 -11"><span class='ocrx_word' id='word_1_273' title='bbox 202 3192 254 3245; x_wconf 92' lang='lat' dir='ltr'><strong>V</strong></span> <span class='ocrx_word' id='word_1_274' title='bbox 404 3196 470 3244; x_wconf 85' lang='grc'><strong><em>16</em></strong></span> <span class='ocrx_word' id='word_1_275' title='bbox 509 3189 573 3243; x_wconf 86' lang='grc' dir='ltr'><strong><em>αἳ</em></strong></span> <span class='ocrx_word' id='word_1_276' title='bbox 608 3206 712 3242; x_wconf 88' lang='lat' dir='ltr'><strong><em>om.</em></strong></span> <span class='ocrx_word' id='word_1_277' title='bbox 752 3189 797 3241; x_wconf 94' lang='lat' dir='ltr'>B</span> <span class='ocrx_word' id='word_1_278' title='bbox 955 3193 1018 3240; x_wconf 81' lang='lat'><strong><em>17</em></strong></span> <span class='ocrx_word' id='word_1_279' title='bbox 1077 3186 1430 3255; x_wconf 74' lang='grc' dir='ltr'><strong><em>ὁδοιπορέειν</em></strong></span> <span class='ocrx_word' id='word_1_280' title='bbox 1466 3187 1626 3241; x_wconf 80' lang='lat' dir='ltr'>codd.</span> <span class='ocrx_word' id='word_1_281' title='bbox 1736 3187 1794 3241; x_wconf 79' lang='grc' dir='ltr'><strong><em>τὲ</em></strong></span> <span class='ocrx_word' id='word_1_282' title='bbox 1830 3204 1933 3256; x_wconf 87' lang='lat' dir='ltr'><strong><em>pro</em></strong></span> <span class='ocrx_word' id='word_1_283' title='bbox 1972 3189 2035 3243; x_wconf 77' lang='grc' dir='ltr'><strong><em>δὲ</em></strong></span> <span class='ocrx_word' id='word_1_284' title='bbox 2073 3188 2125 3242; x_wconf 93' lang='lat' dir='ltr'><strong>V</strong></span> 
     </span>
     <span class='ocr_line' id='line_1_32' title="bbox 204 3257 2229 3331; baseline -0.002 -14"><span class='ocrx_word' id='word_1_285' title='bbox 204 3269 272 3317; x_wconf 88' lang='lat'><strong><em>18</em></strong></span> <span class='ocrx_word' id='word_1_286' title='bbox 318 3264 592 3331; x_wconf 78' lang='grc' dir='ltr'><strong><em>τετελιωμ.</em></strong></span> <span class='ocrx_word' id='word_1_287' title='bbox 629 3260 703 3326; x_wconf 89' lang='grc' dir='ltr'><strong><em>Β,</em></strong></span> <span class='ocrx_word' id='word_1_288' title='bbox 757 3262 999 3314; x_wconf 84' lang='grc' dir='ltr'><strong><em>τετελειω</em></strong></span> <span class='ocrx_word' id='word_1_289' title='bbox 1069 3261 1273 3327; x_wconf 86' lang='grc' dir='ltr'><strong><em>νοισι(ν</em></strong></span> <span class='ocrx_word' id='word_1_290' title='bbox 1311 3258 1418 3327; x_wconf 76' lang='grc' dir='ltr'><strong><em>Μ’)</em></strong></span> <span class='ocrx_word' id='word_1_291' title='bbox 1455 3260 1559 3311; x_wconf 81' lang='lat' dir='ltr'>cet.</span> <span class='ocrx_word' id='word_1_292' title='bbox 1734 3264 1797 3311; x_wconf 86' lang='grc'><strong><em>19</em></strong></span> <span class='ocrx_word' id='word_1_293' title='bbox 1856 3257 2074 3323; x_wconf 82' lang='grc' dir='ltr'><strong><em>ἐξέπεσε</em></strong></span> <span class='ocrx_word' id='word_1_294' title='bbox 2110 3259 2229 3312; x_wconf 87' lang='lat' dir='ltr'><strong><em>MV</em></strong></span> 
     </span>
     <span class='ocr_line' id='line_1_33' title="bbox 311 3326 2227 3400; baseline 0 -14"><span class='ocrx_word' id='word_1_295' title='bbox 311 3340 380 3387; x_wconf 89' lang='grc'><strong><em>20</em></strong></span> <span class='ocrx_word' id='word_1_296' title='bbox 426 3335 753 3400; x_wconf 81' lang='grc' dir='ltr'><strong><em>διαρροπων</em></strong></span> <span class='ocrx_word' id='word_1_297' title='bbox 793 3330 853 3385; x_wconf 82' lang='grc' dir='ltr'><strong><em>ἐν</em></strong></span> <span class='ocrx_word' id='word_1_298' title='bbox 890 3350 956 3400; x_wconf 88' lang='grc' dir='ltr'><strong><em>τη</em></strong></span> <span class='ocrx_word' id='word_1_299' title='bbox 1028 3326 1290 3398; x_wconf 84' lang='grc' dir='ltr'><strong><em>δοιπορίη</em></strong></span> <span class='ocrx_word' id='word_1_300' title='bbox 1331 3332 1384 3382; x_wconf 92' lang='grc' dir='ltr'><em>Γ</em></span> <span class='ocrx_word' id='word_1_301' title='bbox 1502 3329 1731 3399; x_wconf 73' lang='grc' dir='ltr'><strong><em>τῆσι(ν’)</em></strong></span> <span class='ocrx_word' id='word_1_302' title='bbox 1771 3328 2227 3400; x_wconf 48' lang='grc' dir='ltr'><strong><em>ὁδοιπορίησῷνῗ)</em></strong></span> 
     </span>
     <span class='ocr_line' id='line_1_34' title="bbox 201 3397 2144 3472; baseline -0.002 -14"><span class='ocrx_word' id='word_1_303' title='bbox 201 3404 262 3458; x_wconf 81' lang='grc' dir='ltr'>Μ</span> <span class='ocrx_word' id='word_1_304' title='bbox 370 3410 437 3457; x_wconf 89' lang='grc'><strong><em>21</em></strong></span> <span class='ocrx_word' id='word_1_305' title='bbox 478 3399 921 3471; x_wconf 77' lang='grc' dir='ltr'><strong><em>ἀναγκαζόμενοι</em></strong></span> <span class='ocrx_word' id='word_1_306' title='bbox 951 3445 961 3454; x_wconf 95' lang='grc'><em>.</em></span> <span class='ocrx_word' id='word_1_307' title='bbox 995 3444 1005 3453; x_wconf 95' lang='grc'><strong>.</strong></span> <span class='ocrx_word' id='word_1_308' title='bbox 1038 3442 1050 3454; x_wconf 94' lang='grc'><strong>.</strong></span> <span class='ocrx_word' id='word_1_309' title='bbox 1081 3407 1275 3472; x_wconf 82' lang='grc' dir='ltr'><strong><em>χρῆσις</em></strong></span> <span class='ocrx_word' id='word_1_310' title='bbox 1311 3397 1524 3470; x_wconf 77' lang='grc' dir='ltr'><strong><em>γίνεται</em></strong></span> <span class='ocrx_word' id='word_1_311' title='bbox 1561 3404 1635 3469; x_wconf 89' lang='lat' dir='ltr'><strong><em>(p.</em></strong></span> <span class='ocrx_word' id='word_1_312' title='bbox 1666 3406 1787 3467; x_wconf 82' lang='lat'>200,</span> <span class='ocrx_word' id='word_1_313' title='bbox 1819 3405 1907 3471; x_wconf 85' lang='lat'><strong><em>19)</em></strong></span> <span class='ocrx_word' id='word_1_314' title='bbox 1944 3418 2049 3456; x_wconf 88' lang='lat' dir='ltr'><strong><em>om.</em></strong></span> <span class='ocrx_word' id='word_1_315' title='bbox 2089 3405 2144 3454; x_wconf 92' lang='grc' dir='ltr'><em>Γ</em></span> 
     </span>
     <span class='ocr_line' id='line_1_35' title="bbox 202 3470 2226 3546; baseline -0.001 -17"><span class='ocrx_word' id='word_1_316' title='bbox 202 3482 268 3529; x_wconf 89' lang='grc'><strong><em>22</em></strong></span> <span class='ocrx_word' id='word_1_317' title='bbox 307 3475 500 3546; x_wconf 79' lang='grc' dir='ltr'><strong><em>μέντοι</em></strong></span> <span class='ocrx_word' id='word_1_318' title='bbox 537 3473 760 3541; x_wconf 79' lang='lat' dir='ltr'>scripsi,</span> <span class='ocrx_word' id='word_1_319' title='bbox 797 3472 897 3541; x_wconf 76' lang='grc' dir='ltr'><strong><em>μὲν</em></strong></span> <span class='ocrx_word' id='word_1_320' title='bbox 933 3472 1007 3539; x_wconf 91' lang='grc' dir='ltr'><strong><em>Β,</em></strong></span> <span class='ocrx_word' id='word_1_321' title='bbox 1054 3474 1116 3527; x_wconf 78' lang='grc' dir='ltr'><strong><em>δὲ</em></strong></span> <span class='ocrx_word' id='word_1_322' title='bbox 1153 3471 1274 3525; x_wconf 91' lang='lat' dir='ltr'><strong><em>MV</em></strong></span> <span class='ocrx_word' id='word_1_323' title='bbox 1453 3476 1537 3524; x_wconf 88' lang='grc'><strong><em>22.</em></strong></span> <span class='ocrx_word' id='word_1_324' title='bbox 1577 3477 1644 3525; x_wconf 83' lang='grc'><strong><em>23</em></strong></span> <span class='ocrx_word' id='word_1_325' title='bbox 1682 3470 2226 3541; x_wconf 78' lang='grc' dir='ltr'><strong><em>παιδαγωγηθέωσιν</em></strong></span> 
     </span>
     <span class='ocr_line' id='line_1_36' title="bbox 201 3541 1439 3617; baseline -0.004 -17"><span class='ocrx_word' id='word_1_326' title='bbox 201 3548 423 3617; x_wconf 73' lang='lat' dir='ltr'>scripsi,</span> <span class='ocrx_word' id='word_1_327' title='bbox 466 3554 594 3599; x_wconf 86' lang='grc' dir='ltr'><strong><em>-ῶσι</em></strong></span> <span class='ocrx_word' id='word_1_328' title='bbox 632 3544 790 3597; x_wconf 80' lang='lat' dir='ltr'><strong>codd..</strong></span> <span class='ocrx_word' id='word_1_329' title='bbox 939 3548 1005 3595; x_wconf 85' lang='grc'><strong><em>23</em></strong></span> <span class='ocrx_word' id='word_1_330' title='bbox 1045 3542 1281 3613; x_wconf 85' lang='grc' dir='ltr'><strong><em>σχήμασι</em></strong></span> <span class='ocrx_word' id='word_1_331' title='bbox 1318 3541 1439 3594; x_wconf 87' lang='lat' dir='ltr'><strong><em>MV</em></strong></span> 
     </span>
    </p>
   </div>
  </div>
 </body>
</html>
