2588 3876
336 112 423 175 40
845 108 1007 164 KAT'
1048 113 1393 164 IHTPEION
1431 113 1512 161 12.
1547 114 1627 162 13.
1661 114 1742 162 14.
1774 113 1840 162 15

231 291 335 338 316
355 275 730 360 βραχύτητι.
802 276 1253 360 παραιρήμασι
1300 269 1374 337 δὲ
1421 269 1737 357 ἕρμάζειν,
1779 269 1789 358 Ι
1827 272 1915 355 μὴ
1961 271 2231 351 πιέζειν·
2287 273 2372 337 τὸ

341 392 612 467 πρῶτον
655 389 916 466 κηρωτῇ
961 385 1269 465 μαλθακῇ
1318 382 1457 464 λείῃ
1504 384 1768 464 καθαρῇ
1817 375 2141 443 ἕλισσέτω.
2373 408 2376 411 ·

479 486 578 550 13.
607 484 884 564 ’Ὗῖδατος
919 489 1269 572 θερμότης,
1317 491 1599 569 πλῆθος·
1644 487 1977 571 θερμότης
2011 484 2179 569 μέν,”
2200 486 2375 550 κατὰ

339 602 455 677 τῆς
502 591 750 659 ἑωυτοῦ
797 594 1015 679 χειρὸς
1069 602 1400 677 καταχεῖν·
1455 595 1714 675 πλῆθος
1759 589 1862 674 δέ,
1919 591 2198 675 χαλάσαι
2242 588 2373 676 μὲν

235 716 338 765 318
360 697 469 764 καὶ
518 703 822 784 ι’σχνῆναι
868 699 942 764 τὸ
984 699 992 782 Ι
1032 703 1344 764 πλεῖστον
1390 699 1684 785 ἄριστον,
1741 707 2075 784 σαρκῶσαι
2132 694 2207 762 δὲ
2253 696 2367 763 καὶ

289 833 313 872 e
346 806 677 871 ἁπαλῦναι
721 807 795 870 τὸ
840 804 1128 891 με’τριον.
1217 803 1462 890 με’τρον
1507 801 1582 869 δὲ
1626 812 1741 887 τῆς
1786 804 2181 888 καταχύσιος
2269 801 2367 869 ἔτι

342 910 894 999 μετεωριζομένου
961 913 1093 995 δεῖ,
1155 910 1319 998 πρὶν
1374 914 1790 995 συμπίπτειν,
1844 911 2198 976 παύεσθαι.
2286 911 2370 975 τὸ

341 1015 463 1103 μὲν
509 1019 636 1104 γὰρ
683 1030 948 1106 πρῶτον
994 1019 1267 1104 αἴρεται,
1315 1020 1537 1082 ἔπειτα
1584 1013 1658 1082 δὲ
1706 1018 2125 1101 ἱσχναίνεται.

479 1126 578 1189 14.
641 1125 835 1201 Θέσις
887 1125 1229 1208 μαλθακή,
1284 1123 1525 1208 ὁμαλή,
1584 1123 1957 1209 ἄνάρροπος
2002 1133 2222 1189 τοῖσιν
2267 1120 2369 1200 ἐξ·

262 1259 314 1298 10
343 1231 610 1317 έχουσιν
654 1241 774 1298 τοῦ
824 1233 1143 1316 σώματος,
1191 1221 1338 1296 οἷον
1383 1229 1627 1316 πτέρνῃ
1674 1227 1783 1295 καὶ
1823 1231 2033 1317 ἰσχίῳ,
2081 1231 2171 1306 ὡς
2205 1231 2373 1314 μήτε

344 1337 702 1403 ἀνακλᾶται
757 1339 916 1422 μήτε
972 1336 1335 1402 ἄποκλᾶται
1392 1339 1551 1420 μήτε
1609 1334 2008 1422 ἐκτρέπηται.
2101 1341 2372 1420 σωλῆνα

256 1470 260 1475 ·
343 1446 581 1510 ἅπαντι
636 1451 728 1531 τῷ
782 1441 997 1509 σκέλει
1042 1443 1083 1529 ἢ
1128 1444 1365 1529 ἡμίσει.
1457 1441 1523 1521 ἐς
1575 1444 1649 1508 τὸ
1704 1444 1924 1519 πάθος
1978 1439 2054 1507 δὲ
2095 1441 2375 1525 βλέπειν

342 1549 450 1616 καὶ
497 1552 701 1616 τᾶλλα
746 1550 950 1616 ὁκόσα
992 1551 1267 1633 βλάπτει
1314 1551 1583 1634 δηλαδή.

479 1656 578 1722 15.
643 1655 927 1742 Πάρεξις
987 1657 1061 1722 δὲ
1119 1654 1227 1722 καὶ
1260 1686 1263 1691 ·
1293 1656 1591 1733 διάτασις
1652 1654 1761 1721 καὶ
1827 1655 2194 1733 ἀνάπλασις
2257 1654 2371 1721 καὶ

264 1789 314 1829 15
342 1765 546 1828 τᾶλλα
581 1765 744 1829 κατὰ
780 1764 1007 1848 φύσιν.
1091 1764 1293 1848 φύσις
1330 1763 1405 1828 δὲ
1440 1761 1517 1828 ἐν
1562 1763 1685 1844 μὲν
1729 1760 1950 1849 ἔργοις
1996 1771 2116 1828 τοῦ
2164 1765 2370 1848 ἔργου

342 1881 420 1957 τῇ
466 1868 693 1956 πρήξει
739 1869 774 1934 ὃ
820 1868 1129 1953 βούλεται
1174 1868 1597 1957 τεκμαρτέον·
1643 1867 1711 1947 ἐς
1756 1869 1831 1935 δὲ
1875 1878 2082 1934 ταῦτα
2126 1868 2199 1934 ἐκ
2244 1876 2369 1933 τοῦ

238 1995 343 2042 320
364 1976 766 2060 ἐλινύοντος,
813 1974 884 2040 ἐκ
929 1985 1048 2041 τοῦ
1086 1985 1340 2061 κοινοῦ,
1382 1974 1390 2062 Ι
1432 1975 1503 2041 ἑκ
1539 1984 1661 2040 τοῦ
1699 1973 1919 2053 ἔθεος·
1967 1975 2039 2041 ἑκ
2077 1976 2200 2058 μὲν
2244 1984 2369 2041 τοῦ

345 2082 727 2158 ἑλινύοντος
790 2081 900 2147 καὶ
961 2081 1322 2166 ἀφειμένον
1377 2084 1492 2159 τὰς
1557 2083 1883 2167 ἱθυωρίας
1948 2081 2372 2165 σκέπτεσθαι,

490 2367 518 2415 1
556 2380 769 2431 παραιρ
738 2360 933 2432 ρέμασι
967 2362 1093 2430 BV,
1129 2382 1210 2416 πα
1247 2380 1443 2432 αιμασι
1478 2363 1537 2416 Μ
1646 2362 1904 2433 ἁρμόζειν
1941 2362 2138 2430 ΜΡ(1.,
2182 2361 2370 2453 ἑρμάζ

345 2432 453 2487 BV
490 2432 744 2487 6111835
884 2439 927 2485 1.
961 2440 992 2487 2
1031 2434 1104 2503 μὴ
1139 2384 1348 2498 πιέζειν
1383 2434 1448 2489 τὸ
1483 2444 1720 2504 πρῶτον.
1760 2435 1892 2487 Litt
1932 2432 2209 2503 Ε1·111.,μὴ
2245 2433 2371 2488 πιέ-

344 2509 480 2569 ζειν
528 2504 591 2559 τὸ
627 2513 936 2572 πρῶτον..
971 2549 980 2558 .
1065 2522 1147 2573 (1.,
1169 2508 1490 2595 utrumque
1536 2507 1930 2559 commemorat
1966 2503 2087 2558 Gal.
2119 2509 2224 2558 835

347 2582 382 2629 2
416 2579 657 2646 μαλακηι
693 2576 739 2627 Β
812 2578 978 2666 μαλθ.
1018 2574 1192 2645 ὁμαλὴ
1231 2573 1289 2631 δ’
1322 2575 1407 2646 εἴη
1443 2578 1541 2631 καὶ
1577 2580 1807 2645 καθαρῇ
1847 2576 1906 2629 Μ
1976 2576 2196 2645 κηρωτὴ
2234 2579 2375 2645 μαλ-

343 2647 500 2716 θακὴ
536 2644 653 2771 λείη
691 2650 882 2715 καθαρ
851 2647 920 2717 ρὴ
956 2646 1007 2700 V
1050 2596 1366 2702 μαέλισσέτω
1402 2647 1527 2715 BV,
1565 2664 1669 2701 om.
1700 2647 1785 2715 M,
1823 2645 2122 2701 ἑλισσέσθω
2160 2645 2293 2700 Litt.

345 2725 606 2788 κηρωτῇ
685 2718 887 2772 .ἐλισσ.
929 2734 1032 2772 0111.
1067 2717 1212 2772 th.
1358 2724 1391 2771 4
1438 2722 1677 2812 χαλᾶσαι
1712 2717 1765 2771 V
1908 2723 1938 2770 6
1987 2733 2153 2786 super
2198 2716 2369 2771 απαλ.

348 2806 417 2843 se.
455 2797 705 2878 παχῦναι
740 2788 816 2842 Β8
886 2787 1109 2859 μέτριον
1146 2788 1254 2842 BV
1326 2791 1703 2861 καταχύσειως
1729 2790 1793 2856 Β,
1831 2808 1961 2851 -εως
1988 2788 2063 2856 M,
2102 2809 2206 2851 -ως
2243 2790 2372 2855 caiz,

345 2867 413 2928 τῆ
454 2859 754 2940 καταχύσει
790 2859 841 2913 V
960 2866 988 2913 7
1029 2861 1135 2930 ξυμ
1135 2879 1191 2914 π.
1231 2860 1291 2913 Μ
1361 2860 1488 2915 τὸ..
1515 2861 1685 2932 .ἰσχν.
1723 2860 1830 2913 del.
1861 2860 2007 2912 Erm.
2155 2863 2187 2911 8
2225 2856 2370 2927 ἀείρ.

347 2931 444 2998 Ρ(1.
574 2936 605 2983 9
642 2932 771 2998 post
810 2929 975 2995 Θέσις
1012 2931 1138 2984 add.
1170 2931 1232 2988 δὲ
1269 2931 1329 2984 Μ
1446 2937 1593 2985 9.10
1632 2929 1750 3002 ἐξέχ
1753 2948 1878 2986 ονσι
1905 2930 2024 2983 MV
2136 2935 2202 2983 10
2239 2933 2376 3020 post

348 2998 479 3056 οἷον
513 3000 683 3054 iterat
723 3001 835 3056 ἀνα
840 3021 1045 3070 ρροπος
1085 3002 1131 3054 Β
1247 3004 1345 3056 καὶ
1396 3019 1500 3055 om.
1539 3002 1688 3069 B¹V,
1744 3019 1812 3055 se.
1852 3001 1927 3054 13⁸
2071 3007 2133 3054 11
2190 3001 2317 3069 ἐκτρ
2322 2998 2373 3054 ι’-

350 3074 452 3143 βητ
454 3092 513 3125 αι
564 3071 672 3124 Μ
705 3076 947 3141 σωλῆνες
994 3072 1039 3124 Β
1187 3079 1251 3126 12
1287 3075 1460 3128 παντὶ
1497 3073 1617 3127 MV
1686 3074 1814 3142 post
1852 3073 1908 3135 ἐς
1945 3090 2013 3126 ss
2055 3072 2116 3127 δε
2152 3071 2227 3124 Β2

353 3148 417 3197 13
453 3141 524 3197 τα
559 3142 695 3197 ἅλλα
732 3142 853 3196 MV
925 3141 1028 3197 ὅσα
1063 3142 1114 3196 V
1187 3148 1400 3213 δηλαδη
1436 3145 1497 3210 Β,
1538 3146 1678 3214 δῆλα
1715 3143 1862 3213 vulg.
1893 3143 2044 3210 Litt„
2083 3159 2188 3196 om.
2218 3142 2372 3195 Erm.

458 3272 524 3320 14
560 3234 793 3335 παρεξης
817 3267 878 3332 Β,
920 3284 988 3320 ss,
1018 3266 1093 3319 B⁸
1163 3266 1270 3337 γὰρ
1307 3285 1408 3336 pro
1448 3266 1509 3322 δε
1546 3267 1604 3320 Μ
1677 3266 1876 3324 ἀνάπλ.
1914 3267 1983 3335 Κ,
2022 3266 2208 3322 διάπλ.
2246 3265 2372 3320 Gal.

350 3343 472 3405 851,
501 3336 801 3400 κατάτασις
825 3354 926 3407 pro
951 3337 1150 3393 ἀνάπλ.
1172 3338 1349 3392 BMV
1450 3343 1515 3391 15
1561 3336 1611 3392 τ’
1637 3338 1774 3392 ἄλλα
1803 3337 1922 3391 MV
2020 3337 2078 3401 ἐς
2104 3354 2204 3407 pro
2234 3336 2295 3392 ἐν
2324 3337 2373 3390 Β

370 3416 374 3420 “
495 3414 560 3462 16
609 3409 666 3471 ἐς
702 3410 833 3462 ante
872 3407 901 3463 ὃ
949 3426 1017 3462 ss.
1056 3409 1131 3462 B³
1275 3415 1341 3462 17
1380 3410 1481 3465 ἐλλ.
1521 3408 1572 3462 V
1718 3415 1899 3463 17.18
1939 3410 1999 3464 ἐκ
2034 3417 2135 3463 τοῦ
2172 3417 2373 3463 κοινοῦ

445 3480 783 3535 .ἐλιν.1.111.
822 3480 868 3531 B
960 3480 1021 3534 ἐκ
1058 3479 1159 3549 μὲν
1196 3480 1343 3534 ἐλ.Β
1348 3522 1361 3546 ,
1397 3490 1497 3535 τοῦ
1536 3499 1604 3535 ss
1633 3480 1709 3534 Β8
1854 3484 1918 3533 18
1958 3478 2141 3534 σκέπτ.
2181 3496 2286 3533 om.
2320 3478 2374 3545 V
