2588 3876
402 175 527 240 188
831 180 1009 229 ΠΕΡΙ
1044 177 1336 231 ΑΡΘΡῼΝ
1371 179 1731 230 ΕΜΒΟΛΗΣ
1769 181 1853 230 5ο.
1885 181 1969 230 51.

398 338 653 423 ὀστέον,
701 338 843 404 ἀλλ’
892 340 1058 424 αὐτὴ
1103 340 1145 424 ἡ
1191 339 1354 425 σὰρξ
1400 337 1708 424 μυξώδης
1751 331 1824 424 ᾖ,
1879 339 2057 424 ὅμως
2102 339 2399 423 ὑποστρο-

398 444 522 530 φαὶ
567 448 869 529 γίνονται
912 447 1022 510 καὶ
1070 446 1310 511 ὀδύναι
1355 448 1590 512 ἄλλοτε
1624 447 1733 511 καὶ
1773 447 2035 529 ἄλλοτε,
2080 447 2167 529 ἤν
2200 470 2294 522 τις
2324 453 2400 532 τῷ

398 553 649 634 σώματι
713 553 876 638 τύχῃ
941 555 1253 636 πονήσας.
1362 554 1472 618 καὶ
1546 554 1658 618 διὰ
1730 562 1928 618 τοῦτο
1995 562 2073 639 τῇ
2141 551 2401 617 ἐπιδέσει

398 666 689 744 χρῆσθαι
761 663 917 744 χρή,
991 659 1122 743 ἅμα
1193 655 1318 744 μὲν
1390 659 1647 745 ἀγαθῇ,
1722 660 1856 744 ἅμα
1928 655 2003 724 δὲ
2075 656 2182 724 ἐπὶ
2251 661 2399 723 πολὺ

346 793 372 833 5
399 767 813 852 προηκούσῃ,
857 765 982 843 ἕως
1027 765 1112 832 ἂν
1158 764 1459 852 ξηρανθῇ
1514 763 1638 850 μὲν
1692 764 1797 831 καὶ
1851 766 2160 852 άναποθῇ
2205 766 2274 830 τὸ
2317 764 2402 829 ἐκ·

400 873 676 957 χύμωμα
705 874 779 938 τὸ
811 871 885 937 ἐν
924 883 1001 959 τῇ
1040 873 1278 957 φλάσει
1317 871 1788 956 ἐγγενόμενον,
1827 871 2086 958 αὐξηθῇ
2127 868 2201 937 δὲ
2236 872 2402 957 σαρκὶ

400 980 579 1062 ὑγιεῖ
620 980 695 1044 τὸ
741 983 1017 1064 χωρίον,
1072 976 1319 1063 ἅψηται
1365 976 1440 1044 δὲ
1484 988 1605 1045 τοῦ
1652 978 1886 1045 ὀστέου
1931 979 1973 1063 ἡ
2022 978 2202 1065 σάρξ.
2288 971 2403 1044 οἶσι
2520 1006 2521 1069 ᾗ

403 1083 463 1149 δ’
510 1084 595 1151 ἂν
641 1082 1077 1170 άμεληθεῑσιν
1121 1093 1463 1171 χρονιωθῇ
1518 1087 1630 1151 καὶ
1684 1086 2023 1162 ὀδυνῶδες
2066 1087 2142 1151 τὸ
2186 1088 2405 1171 χωρίον

402 1191 672 1277 γένηται
726 1194 835 1258 καὶ
890 1194 932 1278 ἡ
987 1192 1150 1278 σὰρξ
1206 1192 1571 1277 ὑπόμυξος,
1627 1194 1924 1258 τούτοισι
1978 1202 2216 1270 καῦσις
2257 1194 2404 1275 ἴησις

323 1327 375 1366 ιο
402 1299 652 1384 ἀρίστη.
741 1300 851 1365 καὶ
914 1300 1000 1384 ἢν
1058 1297 1183 1384 μὲν
1241 1301 1406 1384 αὐτὴ
1466 1301 1506 1384 ἡ
1566 1299 1726 1385 σὰρξ
1788 1294 1830 1387 ᾖ
1889 1298 2221 1384 μυξώδης,
2276 1301 2405 1382 ἄχρι

403 1415 524 1471 τοῦ
585 1405 820 1471 ὀστέου
878 1409 1096 1471 καίειν
1153 1410 1308 1491 χρή,
1367 1409 1455 1491 μὴ
1520 1408 1653 1491 μὴν
1716 1408 2293 1492 διαθερμανθῆναι
2342 1404 2403 1467 τὸ

405 1511 655 1578 ὀστέον.
728 1511 814 1595 ἢν
859 1509 932 1577 δὲ
977 1516 1228 1597 μεσηγὺ
1275 1524 1411 1579 τῶν
1455 1512 1795 1598 πλευρέων
1840 1506 1910 1600 ᾖ,
1958 1512 2271 1595 ἐπιπολῆς
2302 1508 2407 1593 μὲν

403 1615 562 1683 οὐδὲ
623 1619 796 1684 οὕτω
858 1622 982 1704 χρὴ
1047 1623 1289 1704 καίειν,
1348 1621 1812 1704 φυλάσσεσθαι
1866 1618 2095 1702 μέντοι
2149 1622 2234 1703 μὴ
2287 1619 2406 1682 δια-

297 1747 403 1796 224
421 1728 671 1812 καύσῃς
714 1726 940 1812 πέρην.
982 1727 991 1811 Ι
1031 1726 1118 1810 ἢν
1162 1723 1236 1792 δὲ
1291 1727 1459 1811 πρὸς
1503 1735 1595 1814 τῷ
1650 1723 1854 1814 ὀστέω
1910 1727 2076 1812 δοκῇ
2135 1722 2301 1791 εἶναι
2346 1724 2407 1787 τὸ

326 1863 378 1903 15
406 1835 673 1918 φλάσμα
736 1834 848 1898 καὶ
909 1836 1007 1898 ἔτι
1068 1834 1312 1919 νεαρὸν
1372 1826 1415 1917 ᾖ
1476 1831 1589 1898 καὶ
1643 1836 1731 1916 μή
1784 1855 1886 1897 πω
1944 1835 2294 1917 σφακελίζῃ
2345 1830 2408 1894 τὸ

408 1941 668 2025 ὀστέον,
704 1941 791 2025 ἢν
825 1937 948 2022 μὲν
983 1942 1191 2027 κάρτα
1229 1941 1464 2023 ὀλίγον
1491 1932 1562 2028 ᾖ,
1601 1941 1773 2007 οὕτω
1812 1943 2028 2006 καίειν
2063 1943 2187 2026 χρὴ
2217 1941 2407 2021 ὥσπερ

408 2054 677 2133 εἴρηται.
760 2048 843 2132 ἢν
877 2048 1106 2129 μέντοι
1141 2051 1527 2133 παραμήκης
1563 2040 1606 2131 ᾖ
1644 2048 1680 2112 ὁ
1718 2050 2161 2133 μετεωρισμὸς
2197 2047 2231 2112 ὁ
2268 2044 2408 2110 κατὰ

406 2155 483 2218 τὸ
533 2152 793 2237 ὀστέον,
847 2154 1129 2231 πλέονας
1182 2154 1461 2240 ἐσχάρας
1515 2154 1866 2237 ἐμβάλλειν
1920 2157 2061 2240 χρή.
2154 2152 2298 2237 περὶ
2347 2146 2408 2215 δὲ

410 2267 860 2344 σφακελισμοῦ
920 2267 1207 2346 πλευρῇς
1270 2263 1403 2345 ἅμα
1473 2270 1550 2346 τῇ
1624 2272 1759 2326 τῶν
1822 2260 2123 2343 ἐμμότων
2190 2259 2408 2343 ἰητρείῃ

333 2397 387 2436 20
415 2370 758 2452 εἰρήσεται.

544 2473 650 2539 51.
703 2471 833 2539 Ἢν
871 2470 946 2539 δὲ
990 2484 1206 2559 μηροῦ
1244 2476 1507 2560 ἄρθρον
1553 2473 1619 2552 ἐξ
1669 2477 1884 2559 ἰσχίου
1933 2472 2175 2563 ἐκπέσῃ
2209 2511 2293 2520 -
2325 2470 2411 2536 ἐκ-

412 2585 635 2647 πίπτει
664 2578 737 2646 δὲ
766 2583 929 2646 κατὰ
955 2582 1275 2666 τέσσαρας
1301 2584 1593 2665 τρόπους
1613 2618 1721 2664 -,
1750 2579 1818 2656 ἐς
1851 2577 1975 2665 μὲν
2000 2582 2076 2645 τὸ
2107 2578 2232 2646 ἔσω
2260 2578 2411 2643 πολὺ

559 2763 586 2810 1
629 2755 766 2810 ἀλλὰ
804 2760 857 2810 Γ
971 2757 1033 2828 ἔῃ
1072 2755 1192 2809 MV
1298 2757 1429 2824 post
1467 2753 1538 2825 ὄμ
1499 2777 1551 2825 μ.
1592 2756 1719 2809 add.
1759 2764 1899 2825 γοῦν
1935 2754 2057 2808 MV
2201 2761 2231 2808 2
2277 2753 2341 2820 ἥν
2371 2770 2416 2804 τι

412 2828 545 2882 Litt.
587 2845 655 2881 ex
692 2828 811 2881 cod.
843 2827 923 2879 H¹
1049 2832 1080 2880 3
1119 2828 1216 2881 καὶ
1252 2844 1359 2881 om.
1390 2827 1506 2880 MV
1581 2827 1680 2880 καὶ
1716 2777 1854 2881 διὰ.
1889 2870 1900 2880 .
1935 2825 2114 2895 ,σάρξ
2143 2831 2218 2897 (7)
2245 2843 2342 2879 0111.
2376 2824 2420 2876 Γ

521 2904 555 2951 4
593 2898 827 2954 δέεσθαι
863 2915 965 2968 pro
1125 2898 1245 2952 MV
1355 2898 1446 2953 ἐπὶ
1483 2915 1589 2953 om.
1630 2897 1750 2951 MV
1895 2903 1925 2951 5
1963 2916 2198 2968 προσηκ.
2237 2894 2346 2949 MV

416 2975 447 3022 6
488 2970 597 3040 ἐνγ.
636 2971 706 3036 Β,
746 2990 859 3040 γ.εν
899 2970 959 3022 Μ
971 2919 1086 3023 Ἓξ
1133 2975 1161 3022 7
1200 2970 1269 3039 ὑγ
1273 2967 1347 3023 ιέϊ
1373 2968 1425 3022 V
1542 2974 1574 3022 8
1612 2971 1938 3060 ἀμεληθεῖσι
1974 2967 2097 3022 MV
2206 2975 2236 3022 9
2274 2965 2413 3037 γένη-

413 3061 508 3094 ται
545 3057 652 3094 om.
692 2991 813 3094 MV
909 3043 1040 3110 post
1076 2990 1269 3110 «52:6ss
1284 3041 1413 3093 add.
1455 3041 1517 3109 ἔη
1554 3040 1700 3106 MV,
1968 3040 2248 3107 τούτοισιν
2283 3041 2331 3092 Γ

418 3117 485 3165 10
523 3109 767 3179 καὶῆν.
802 3111 1164 3180 ..εἰρήσεται
1200 3114 1310 3181 (20)
1348 3129 1453 3166 om.
1485 3115 1537 3165 Γ
1650 3128 1695 3165 σ
1695 3043 1876 3201 μυξΓ.
1898 3110 1957 3180 ἔη
1995 3110 2118 3164 MV
2270 3115 2329 3162 12
2364 3106 2415 3174 ἔη

416 3181 539 3235 MV
648 3182 943 3251 ἐπιπολλῆς
978 3184 1024 3235 Β
1153 3189 1218 3236 13
1258 3180 1385 3236 οὐδ’
1427 3181 1549 3235 MV
1657 3180 1799 3236 οὕτω
1839 3181 1917 3248 Ν,
1966 3202 2022 3243 -ς
2060 3184 2166 3237 cet.
2207 3181 2356 3236 codd.

420 3259 487 3306 14
527 3252 709 3307 δοκέει
744 3254 816 3320 Β,
869 3252 994 3323 -κέη
1023 3254 1156 3319 MV,
1208 3254 1407 3323 scripsi
1445 3262 1539 3324 -κῇ
1688 3259 1753 3306 15
1793 3252 1876 3322 εἴη
1914 3253 2036 3307 MV
2138 3248 2418 3322 σφακελίση

418 3339 540 3393 MV
650 3345 715 3392 16
755 3341 814 3410 ἔη
843 3341 964 3394 MV
1073 3347 1136 3394 17
1177 3343 1238 3413 ἔῃ
1266 3343 1386 3396 MV
1496 3347 1562 3395 18
1599 3339 1805 3396 πλείον.
1835 3340 1957 3394 MV
2065 3347 2131 3395 21
2173 3327 2420 3404 ΚΗπερὶ

420 3419 599 3481 μηροῦ
638 3363 1023 3478 ἐξαρθρήσεως
1049 3414 1136 3466 tit.
1166 3363 1238 3478 Βῃ
1280 3414 1380 3467 ἐὰν
1409 3413 1581 3483 μηρὸς
1619 3413 1675 3477 ἐξ
1713 3409 1895 3482 ἰσχίου
1926 3411 2154 3482 ἐκπέσηι
2182 3413 2269 3468 tit.
2295 3412 2329 3464 i.
2355 3426 2417 3462 111.

419 3482 519 3534 inf.
559 3480 642 3544 M,
691 3482 818 3547 περὶ
861 3491 959 3550 τῆς
1002 3481 1127 3536 κατ’
1171 3483 1351 3575 ἴσχων
1399 3488 1797 3552 διαρθρωσεως
1841 3483 1928 3537 tib.
1968 3488 2018 3537 Γ
2181 3489 2247 3537 22
2292 3498 2418 3537 κατα

423 3568 528 3603 om.
571 3549 733 3617 PAp.
841 3569 1099 3620 τεσσαρες
1136 3556 1189 3606 Γ
1291 3554 1417 3608 εἴσω
1455 3555 1575 3609 MV
1683 3556 1824 3608 πολὺ
1863 3571 1968 3608 0111.
2007 3555 2068 3607 M

2512 114 2515 241 ρ

2515 266 2517 413 Ι
