2588 3876
322 129 451 180 ΧΠ
1027 129 1257 209 mDEx
1290 129 1658 180 NOTARVM.

321 286 441 341 Gal.
483 287 598 340 sive
628 286 749 341 Gal.
779 286 815 340 i.
846 289 886 340 t.
928 313 996 332 =
1034 286 1280 341 Galenus
1390 287 1426 341 i.
1466 288 1507 340 t.
1548 286 1663 341 sive
1699 286 1760 339 in
1796 287 1885 340 tit.
1926 313 1995 332 =
2032 286 2093 340 in
2128 285 2315 340 ῡίίτιιῑο.

393 358 457 413 in
492 361 666 412 textu.
1389 358 1425 412 l.
1467 385 1534 404 ==
1573 358 1714 425 1000,
1751 358 1921 411 loeus.

320 429 441 484 Gal.
465 446 660 484 comm.
682 455 749 474 =
771 428 1014 483 Galenus
1042 429 1103 482 in
1131 445 1280 483 com·
1388 448 1461 483 m.
1512 432 1762 498 (numero
1808 428 2141 498 praesertim
2196 431 2353 483 ante-

389 500 682 555 mentariO.
1461 501 1716 569 cedente)
1753 527 1821 545 =
1858 517 2073 555 manus.

322 572 443 627 Gal.
483 572 543 625 in
582 572 675 626 eit.
716 599 783 618 =
822 570 1067 625 Galenus
1105 571 1164 624 in
1203 571 1279 625 ci·
1390 572 1488 627 alt.
1527 599 1597 617 =
1634 571 1804 638 alter,
1840 588 1927 638 -α,
1964 589 2100 626 —mn.

388 643 621 698 tatione.
1388 642 1490 696 Ilb.
1533 670 1600 689 =
1636 642 1839 712 Ilberg.

319 715 354 769 i.
393 734 466 769 m.
505 742 574 762 =
610 715 671 769 in
707 714 977 785 margine.
1392 714 1520 769 Wb.
1560 741 1628 760 =
1665 713 1887 768 Weber.

1094 1817 1583 1905 Corrigenda.

467 2000 520 2051 p.
555 1986 639 2047 75,
668 1996 694 2036 6
730 1980 857 2049 lege
894 1977 1296 2049 ἀμβλακεύειν,
1330 1994 1443 2031 non
1481 1977 1789 2048 βλακεύειν.

463 2087 518 2138 p.
550 2074 636 2135 82,
666 2083 690 2122 2
727 2067 855 2136 lege
891 2062 1140 2134 εἰρίοισι,
1177 2081 1290 2119 non
1327 2062 1524 2134 εἰρίοις
1560 2066 1662 2136 (Β).

462 2175 517 2226 p.
550 2161 635 2224 90,
666 2172 690 2211 2
726 2155 853 2225 lege
889 2154 1062 2225 εἴρια,
1098 2171 1211 2208 non
1249 2151 1411 2223 εἰρία.

465 2265 519 2316 p.
553 2251 673 2312 142,
703 2257 728 2299 1
764 2245 892 2314 lege
928 2245 1213 2313 καταγεὶς,
1248 2260 1363 2297 non
1400 2245 1703 2313 κατεαγεὶς.

464 2354 519 2404 p.
552 2340 673 2403 145,
702 2350 755 2390 16
790 2335 916 2404 lege
955 2333 1154 2406 ἐμβολὴ
1193 2332 1312 2400 δέ’,
1348 2350 1461 2387 non
1500 2332 1539 2387 ἐ.
1580 2331 1659 2388 δὲ.

463 2443 516 2494 p.
551 2429 670 2489 179,
701 2438 753 2478 16
788 2423 915 2493 lege
949 2420 1204 2493 τρυχίον,
1240 2439 1355 2476 non
1390 2421 1633 2492 τρύχιόν.

460 2531 516 2582 p.
548 2517 667 2581 243,
698 2528 748 2567 11
786 2515 1040 2583 μελανθῇ
1074 2511 1223 2581 Wb.,
1261 2511 1330 2565 of.
1363 2517 1484 2579 261,
1515 2526 1582 2566 20.

460 2602 585 2657 Vol.
614 2602 667 2669 Ι,
703 2621 758 2671 p.
792 2609 840 2668 1,
870 2601 939 2661 πίε
974 2600 1279 2671 legendum
1317 2603 1420 2667 est,
1459 2600 1606 2654 sicut
1643 2599 1862 2655 codices
1889 2598 2093 2665 ferunt,
2124 2599 2185 2654 ἐν
2212 2602 2347 2655 πολ-

319 2694 467 2746 λοῖσι
502 2690 603 2761 μὲν
640 2692 739 2745 καὶ
776 2688 890 2746 οἷσι
924 2689 1147 2760 λέγουσι
1181 2688 1535 2759 καταφανέες
1562 2689 1670 2744 εἰσὶ
1695 2688 2125 2760 ἁμαρτάνοντες.
2185 2688 2347 2754 Quod

325 2780 679 2835 Hermannus
726 2780 976 2836 Schoene
1023 2779 1362 2845 coniecerat,
1408 2777 1741 2851 κακνοῖσι)
1788 2774 1925 2845 οἶσι,
1969 2778 2087 2832 iam
2134 2778 2348 2831 dudum

322 2886 414 2925 me
448 2869 702 2939 paenitet
736 2869 1028 2939 recepisse.
