2588 3876
726 206 898 255 ΠΕΡΙ
934 205 1222 257 ΑΡΘΡΩΝ
1261 206 1619 255 ΕΜΒΟΛΗΣ
1659 207 1726 255 70
2106 204 2236 267 225

200 368 321 448 ἥδε
381 363 494 428 καὶ
552 365 770 448 δικαίη
831 362 941 429 καὶ
1002 366 1163 429 κατὰ
1225 366 1435 448 φύσιν
1494 365 1534 447 ἡ
1589 363 1833 448 ἐμβολὴ
1891 363 2000 430 καὶ
2048 367 2131 449 δή
2174 389 2239 431 τι

200 469 313 535 καὶ
352 470 794 553 ἀγωνιστικὸν
829 466 1102 554 ἔχουσα,
1149 471 1330 546 ὅστις
1368 494 1441 553 γε
1478 469 1587 534 καὶ
1625 481 1797 536 τοῖσι
1833 472 2240 537 τοιούτοισιν

203 579 439 660 ἥδεται
503 579 1020 661 κομψευόμενος.
1121 577 1442 661 κρεμάσαι
1506 579 1630 662 χρὴ
1693 579 1813 641 τὸν
1875 579 2241 663 ἄνθρωπον

200 693 342 747 τῶν
387 684 619 747 ποδῶν
671 683 835 765 πρὸς
890 684 1227 767 μεσόδμην
1283 683 1504 770 δεσμῷ
1565 684 1828 769 δυνατῷ
1874 683 2025 766 μέν,
2080 688 2241 766 μαλ-

197 795 399 875 θακῷ
438 784 512 852 δὲ
558 787 668 852 καὶ
713 789 958 865 πλάτος
1002 785 1246 872 ἔχοντι·
1313 791 1470 865 τοὺς
1515 786 1589 853 δὲ
1634 790 1842 866 πόδας
1889 789 2133 874 διέχειν
2177 814 2241 856 τι
2298 815 2320 853 5

198 895 330 979 χρὴ
398 894 559 958 ὅσον
623 892 943 979 τέσσαρας
1017 896 1389 971 δακτύλους
1462 893 1573 958 ἀπ’
1641 893 1947 977 ἀλλήλων
2019 896 2058 979 ἢ
2131 895 2243 961 καὶ

196 997 518 1065 ἔλασσον·
576 1002 701 1085 χρὴ
756 997 828 1065 δὲ
883 999 993 1065 καὶ
1041 1002 1310 1065 ἄνωθεν
1366 1012 1501 1065 τῶν
1546 999 1995 1085 ἐπιγουνίδιον
2039 1019 2244 1086 προσ-

197 1109 731 1191 περιβεβλῆσθαι
767 1112 1000 1172 πλατεῖ
1039 1108 1259 1188 ἱμάντι
1296 1105 1405 1171 καὶ
1434 1105 1775 1194 μαλΙθακῷ
1805 1107 2223 1174 ἀνατείνοντι
2244 1124 2349 1171 290

201 1214 379 1298 πρὸς
434 1214 557 1296 τὴν
612 1214 977 1297 μεσόδμην·
1038 1214 1112 1277 τὸ
1170 1209 1243 1277 δὲ
1311 1205 1570 1289 σκέλος
1606 1214 1680 1278 τὸ
1738 1214 2015 1299 σιναρὸν
2068 1212 2243 1278 ἐντε-

199 1321 455 1383 τάσθαι
521 1319 611 1395 ὡς
676 1320 799 1384 δύο
867 1320 1237 1395 δακτύλους
1294 1323 1552 1400 μᾶλλον
1611 1329 1731 1384 τοῦ
1797 1317 2023 1404 ἑτέρου
2087 1324 2241 1404 χρή·
2271 1346 2323 1383 10

202 1425 342 1490 ἀπὸ
393 1421 465 1489 δὲ
513 1434 629 1509 τῆς
673 1434 794 1508 γῆς
839 1428 961 1509 τὴν
1016 1426 1315 1508 κεφαλὴν
1360 1424 1647 1509 ἀπεχέτω
1695 1427 1785 1502 ὡς
1832 1426 1955 1490 δύο
2001 1429 2245 1510 πήχεας

195 1531 246 1614 ἢ
277 1531 484 1618 ὀλίγῳ
521 1529 726 1595 πλέον
764 1531 803 1614 ἢ
842 1528 1154 1596 ἔλασσον·
1202 1531 1319 1606 τὰς
1357 1526 1431 1595 δὲ
1469 1542 1688 1615 χεῖρας
1715 1530 2245 1617 παρατεταμένας

199 1638 390 1721 παρὰ
436 1639 552 1713 τὰς
602 1638 891 1722 πλευρὰς
944 1635 1472 1722 προσδεδεμένος
1519 1639 1682 1700 ἔστω
1720 1641 2039 1724 μαλθακῷ
2079 1657 2243 1702 τινι·

201 1752 419 1807 ταῦτα
466 1738 541 1806 δὲ
586 1743 802 1807 πάντα
854 1743 1068 1830 ὑπτίῳ
1125 1742 1567 1829 κατακειμένῳ
1621 1745 2244 1826 κατασκευασθήτω,

203 1851 302 1927 ὡς
349 1849 449 1913 ὅτι
497 1847 841 1934 ἐλάχιστον
886 1851 1130 1933 χρόνον
1167 1847 1498 1932 κρέμηται.
1568 1848 1729 1913 ὅταν
1767 1848 1841 1912 δὲ
1876 1854 2242 1933 κρεμασθῇ,
2275 1871 2322 1912 15

204 1957 428 2040 ἄνδρα
473 1957 597 2041 χρὴ
643 1956 1079 2020 εὐπαίδευτον
1124 1954 1233 2019 καὶ
1278 1956 1369 2039 μὴ
1416 1955 1707 2020 ἀσθενέα
1745 1955 2088 2039 ἐνείραντα
2123 1955 2242 2019 τὸν

203 2072 432 2146 πῆχυν
477 2063 729 2145 μεσηγὺ
775 2072 910 2127 τῶν
953 2072 1211 2146 μηρῶν,
1267 2058 1491 2126 ἔπειτα
1546 2060 1797 2126 θέσθαι
1851 2062 1972 2126 τὸν
2025 2070 2244 2146 πῆχυν

203 2170 465 2251 μεσηγὺ
511 2176 630 2231 τοῦ
677 2166 988 2252 περινέου
1043 2168 1150 2231 καὶ
1207 2177 1323 2250 τῆς
1368 2173 1658 2251 κεφαλῆς
1703 2176 1822 2232 τοῦ
1867 2176 2082 2253 μηροῦ
2130 2177 2245 2251 τῆς

207 2274 657 2357 ἐξεστηκυίης·
711 2275 931 2337 ἔπειτα
977 2274 1366 2351 συνάψαντα
1411 2275 1533 2356 τὴν
1582 2272 1809 2358 ἑτέρην
1850 2285 2036 2358 χεῖρα
2081 2275 2246 2358 πρὸς

362 2506 389 2552 1
430 2499 532 2568 ἡδε
569 2498 713 2553 κατὰ
752 2519 811 2566 φ.
849 2500 947 2553 καὶ
985 2503 1181 2555 δικαια
1218 2499 1252 2568 ἡ
1294 2495 1508 2570 (δικαίη
1546 2500 1674 2566 Ap.)
1714 2499 1753 2552 ἐ
1800 2499 1957 2566 ΓΑΡ.
1998 2516 2051 2566 p.
2086 2505 2152 2552 19

206 2572 319 2641 ἥδε
355 2588 460 2624 om.
498 2570 603 2639 Ap.
643 2588 697 2639 p.
728 2576 796 2623 25
836 2569 1084 2623 Schoene
1157 2572 1255 2623 καὶ
1290 2572 1421 2638 post
1457 2573 1565 2625 δικ.
1607 2586 1711 2622 om.
1742 2568 1793 2622 V
1903 2575 1933 2620 2
1972 2569 2070 2622 καὶ
2108 2573 2241 2623 ante

208 2645 387 2712 ἄγων.
427 2658 532 2693 om.
571 2641 676 2709 Ap.
788 2639 851 2696 δὲ
885 2658 989 2709 pro
1027 2660 1088 2710 γε
1131 2645 1180 2694 Γ
1279 2649 1425 2694 τοῖσι
1462 2657 1568 2694 om.
1608 2639 1728 2693 MV
1847 2639 2149 2694 τοιούτοισι
2187 2641 2246 2693 Μ

328 2718 360 2765 3
398 2723 859 2802 κομψευσαμενος
894 2711 939 2763 Β
1084 2717 1116 2763 4
1152 2731 1198 2764 τ.
1236 2713 1366 2765 ποδ.
1408 2728 1515 2764 om.
1555 2710 1659 2779 Ap.
1698 2728 1752 2779 p.
1786 2715 1853 2763 25
1963 2709 2245 2779 μεσοδμὴν

209 2785 263 2837 V
338 2781 653 2852 κρεμάσαι
732 2781 983 2850 μεσόδμ
946 2802 1054 2850 μην
1093 2798 1199 2834 0111
1241 2786 1294 2834 Γ
1368 2781 1470 2850 μὲν
1508 2799 1613 2835 om
1651 2781 1773 2834 MV
1907 2787 1956 2834 4.
1990 2786 2022 2834 ὅ
2061 2784 2243 2851 δεσμω

212 2857 520 2924 μαλθακῷ,
578 2854 803 2943 δυνατῳ
833 2852 895 2906 δὲ
932 2853 1030 2906 καὶ
1065 2871 1146 2905 πα
1183 2851 1286 2915 έως
1326 2852 1397 2922 ἔχ.
1437 2854 1541 2921 Ap.
1702 2857 1733 2905 5
1783 2852 1981 2922 ἔχοντα
2018 2851 2063 2903 Β

213 2943 323 2979 om.
344 2924 467 2978 MV
566 2929 613 2976 5.
641 2929 672 2977 6
700 2923 804 2993 χὴρ
833 2920 921 2977 διέ
990 2924 1104 2977 ἀλλ.
1136 2873 1383 2977 gaz
1289 2924 1340 2975 δ.
1370 2943 1481 2990 ηκ.
1515 2924 1846 2990 ελασσωΑΡ.
1958 2928 1987 2974 ’7
2030 2921 2246 2977 ἐπάνω-

213 3000 327 3049 θεν
364 2994 597 3062 MVA.
744 2999 776 3045 8
815 2993 889 3061 ἰμ.
919 2944 980 3046 'V
1087 2990 1458 3048 ἀνατείνοντα
1494 2993 1655 3061 ΒΑΡ.
1803 2998 1834 3046 9
1875 2992 1931 3056 ἐς
1965 3010 2068 3061 pro
2106 2994 2248 3062 πρὸς

214 3064 337 3119 MV
437 3063 720 3133 μεσοδμήν
746 3063 797 3117 V
933 3068 1082 3116 9.10
1117 3062 1391 3119 τετάσθαι
1426 3063 1546 3118 MV
1685 3069 1750 3116 10
1787 3063 1890 3133 χρὴ
1918 3066 2049 3131 post
2077 3065 2243 3118 ἐντετ.

213 3136 339 3190 MV
431 3135 753 3189 δακτύλοισι
788 3135 920 3199 ΒΓ,
959 3154 1072 3197 -οις
1107 3134 1167 3187 Μ
1254 3134 1360 3223 χρὴ
1398 3151 1505 3188 0111.
1545 3134 1649 3203 Ap.
1782 3140 1846 3186 11
1895 3135 2009 3188 ἀπὸ
2049 3134 2153 3189 δὲ.
2189 3177 2244 3188 ..

215 3216 409 3280 μηρῶν
448 3208 557 3275 (1·1)
605 3222 711 3258 o.1n
755 3208 806 3257 Γ
946 3210 1136 3257 11.12
1192 3204 1390 3274 πήχεις
1433 3226 1467 3273 η
1519 3204 1593 3259 ὀλ.
1642 3209 1835 3258 πλεῖον
1883 3201 1918 3272 ἢ
1968 3201 2156 3274 ὀλίγον
2205 3205 2245 3259 ἔ.

217 3280 320 3347 Ap.
477 3283 539 3329 12
578 3272 611 3343 ἢ
653 3274 727 3329 ὀλ.
768 3293 873 3329 0111.
913 3275 966 3328 V
1111 3280 1175 3328 13
1215 3274 1695 3365 προσλελαμμένος
1730 3275 1800 3341 Β,
1841 3278 2246 3345 καταλελαμμε·

213 3368 325 3410 νας
379 3349 484 3435 Ap.
630 3350 863 3419 μαλακῷ
905 3347 1010 3434 Ap.
1159 3350 1227 3397 14
1279 3344 1468 3399 πάντα
1523 3345 1585 3400 δὲ
1640 3354 1816 3399 ταῦτα
1870 3345 2103 3414 MVAp.

223 3425 287 3472 16
331 3416 626 3486 ἐρείσαντα
663 3416 787 3486 Ap„
828 3401 1118 3504 ἓσείραντα
1155 3416 1303 3468 Erm
1455 3421 1517 3469 17
1556 3416 1759 3485 μεταξυ
1798 3417 1901 3485 ΑΡ.
2051 3422 2115 3469 18
2153 3434 2245 3483 με·

218 3490 357 3555 ταξν
399 3491 453 3541 Γ
570 3495 670 3541 τοῦ
706 3507 765 3541 τε
801 3483 1098 3554 περιναίου
1134 3487 1238 3554 Ap.
1377 3494 1474 3555 τῆς
1521 3488 1651 3540 ante
1699 3486 1863 3551 έξεστ.
1904 3504 2008 3540 om.
2048 3487 2107 3538 M

225 3566 288 3613 19
329 3560 522 3614 ἔπειτα
555 3601 564 3610 .
600 3558 814 3625 ..περὶ
852 3557 1004 3625 ὤμου
1042 3561 1115 3626 (Ρ
1149 3559 1380 3623 226,15)
1419 3573 1524 3609 om.
1569 3560 1619 3608 Γ
1720 3556 1834 3619 ξυν.
1874 3556 1926 3608 V

327 3658 670 3698 Hnwocuoens
697 3658 759 3697 11.
1863 3647 1927 3694 15
