2588 3876
825 203 1220 256 MOXAIKON
1258 206 1308 255 5.
1339 209 1387 256 6.
1418 207 1466 257 7.
1496 207 1529 256 8
2055 201 2182 267 251

164 367 417 449 κεφαλῇ
464 359 588 447 μὲν
633 363 800 449 πρὸς
846 363 1215 450 ἀκρώμιον,
1270 363 1458 450 χερσὶ
1512 366 1589 430 δὲ
1639 366 1770 430 ὑπὸ
1825 367 2185 451 μασχάλην,

165 472 461 554 κεφαλὴν
504 469 788 553 ἀπάγειν
822 472 1207 556 βραχίονος,
1254 473 1535 554 γούνασι
1582 474 1657 538 δὲ
1701 472 1967 556 ἀγκῶνα
2012 472 2187 538 ἀπω-

163 584 321 642 θεῖν
356 576 396 660 ἢ
433 575 583 642 ἀντὶ
610 589 746 642 τῶν
773 579 1121 660 γουνάτων
1147 578 1375 665 ἕτερον
1400 579 1521 644 τὸν
1549 579 1815 663 ἀγκῶνα
1841 581 2187 666 παράγειν,

163 684 253 760 ὡς
293 683 372 747 τὸ
418 686 762 769 πρότερον,
808 685 849 769 ἢ
885 683 1027 750 κατ’
1072 687 1255 766 ὤμου
1294 687 1580 768 ἵζεσθαι,
1625 685 1909 765 ὑποθεὶς
1941 697 2021 774 τῇ
2067 712 2188 772 μα-

162 790 371 876 σχάλῃ
417 791 539 855 τὸν
584 787 797 875 ὦμον,
858 791 898 875 ἢ
952 801 1030 877 τῇ
1084 790 1329 877 πτέρνῃ
1386 789 1672 857 ἐνθέντα
1715 791 2187 879 ἐκπληρωματα
2240 817 2268 860 5

160 906 239 983 τῇ
284 897 582 982 μασχάλῃ
639 895 819 983 δεξιῇ
881 896 1103 976 δεξιὸν
1155 897 1194 982 ἢ
1243 897 1396 984 περὶ
1450 899 1703 984 ὕπερον
1756 899 1796 984 ἢ
1851 899 2004 985 περὶ
2047 905 2188 965 κλι-

158 1013 459 1089 μακτῆρα
504 1004 544 1089 ἢ
589 1005 899 1090 περίοδος
924 1007 1071 1070 σὺν
1108 1013 1199 1092 τῷ
1247 1003 1422 1093 ξύλῳ
1455 1013 1558 1094 τῷ
1586 1005 1717 1071 ὑπὸ
1754 1017 1940 1092 χεῖρα
1975 1029 2187 1072 τεινο-

158 1110 356 1198 μένῳ.
430 1116 630 1195 ιἠσις·
684 1099 759 1175 τὸ
809 1120 1051 1195 σχῆμα,
1097 1112 1263 1196 πρὸς
1308 1117 1628 1198 πλευρῇσι
1673 1114 1996 1198 βραχίων,
2042 1115 2184 1199 χεὶρ

164 1218 329 1302 ἄκρη
378 1218 546 1301 ἄνω,
594 1213 768 1302 ὦμος
812 1218 977 1282 ἄνω·
1046 1218 1256 1295 οὕτως
1301 1217 1621 1303 ἐπίδεσις,
1670 1218 2008 1303 ἀνάληψις.
2101 1217 2185 1301 ἢν

163 1325 239 1390 δὲ
282 1325 370 1408 μὴ
418 1322 694 1410 ἐμπέσῃ,
741 1324 1078 1409 ἀκρώμιον
1121 1327 1699 1408 προσλεπτύνεται.
2213 1352 2263 1392 10

295 1429 356 1495 6.
418 1428 783 1515 ’Λκρώμιον
829 1429 1288 1496 ἀποσπασθέν·
1348 1433 1423 1496 τὸ
1469 1433 1593 1513 μὲν
1646 1425 1825 1508 εἶδος
1878 1434 2183 1516 φαίνεται

160 1527 313 1601 οἷόν
357 1557 481 1622 περ
520 1537 705 1618 ὤμου
753 1521 1170 1621 ἐκπεσόντος,
1217 1540 1633 1623 στερίσκεται·
1662 1537 1721 1604 δ’
1767 1539 2071 1623 οὐδενός,
2119 1537 2186 1615 ἐς

158 1640 237 1708 δὲ
282 1643 357 1707 τὸ
407 1643 567 1708 αὐτὸ
616 1644 696 1709 οὐ
744 1646 1156 1710 καθίσταται.
1240 1654 1455 1729 σχῆμα
1498 1646 1574 1710 τὸ
1632 1645 1793 1710 αὐτὸ
1842 1646 1878 1711 ὃ
1925 1645 2032 1710 καὶ
2081 1643 2184 1710 ἐκ-

153 1751 428 1815 πεσόντι
484 1748 559 1815 ἑν
612 1748 900 1816 ἑπιδέσει
953 1749 1065 1816 καὶ
1134 1750 1482 1835 ἀναλήψει·
1550 1750 1880 1828 ἐπιδέσιος
1932 1753 2043 1817 καὶ
2097 1752 2187 1829 ὡς

153 1859 380 1941 νόμος.
2214 1884 2264 1924 15

176 2017 180 2024 .
296 1963 355 2029 7.
410 1961 741 2047 Ἀγκῶνος
787 1966 1052 2051 ἄρθρον
1095 1964 1519 2051 παραλλάξαν
1554 1962 1678 2050 μὲν
1713 1966 1754 2051 ἢ
1789 1967 1954 2052 πρὸς
1987 1972 2185 2031 πλευ-

155 2071 289 2157 ρὴν
334 2071 375 2155 ἢ
422 2068 543 2148 ἔξω
588 2070 906 2153 μένοντος
958 2081 1080 2139 τοῦ
1136 2070 1320 2150 ὀξέος
1373 2071 1493 2137 τοῦ
1551 2071 1626 2138 ἐν
1679 2080 1769 2160 τῷ
1815 2077 2016 2162 κοίλῳ
2061 2082 2182 2139 τοῦ

163 2179 523 2263 βραχίονος
580 2176 647 2255 ἐς
703 2180 825 2243 ἰθὺ
878 2181 1347 2245 κατατείνοντα
1398 2180 1480 2244 τὰ
1534 2177 1838 2264 ἐξέχοντα
1891 2178 2187 2245 ἀνωθεῖν

155 2283 370 2349 ὀπίσω
418 2283 529 2348 καὶ
576 2283 643 2361 ἐς
687 2285 760 2349 τὸ
807 2285 1108 2368 πλάγιον.

294 2391 355 2455 8.
429 2392 522 2455 Τὰ
578 2391 654 2456 δὲ
705 2391 941 2466 τελέως
994 2389 1281 2474 ἐκβάντα
1325 2392 1366 2476 ἢ
1412 2394 1584 2457 ἔνθα
1637 2392 1678 2477 ἢ
1731 2390 1930 2458 ἔνθα·
1989 2392 2183 2458 κατά-
2210 2388 2273 2458 3ο

152 2514 345 2573 τασις
389 2495 541 2581 μέν,
597 2495 672 2562 ἐν
725 2488 768 2583 ᾗ
808 2494 817 2584 Ι
859 2497 895 2563 ὁ
940 2500 1236 2583 βραχίων
1281 2487 1632 2563 ἐπιδεῖται(
1687 2499 1859 2563 οὕτω
1914 2500 2040 2583 γὰρ
2087 2499 2161 2562 τὸ
2183 2514 2288 2563 354

151 2603 505 2686 καμπύλον
560 2612 681 2669 τοῦ
738 2603 1035 2686 ἀγκῶνος
1088 2604 1169 2670 οὐ
1216 2605 1516 2670 κωλύσει.
1607 2603 1899 2670 ἐκπίπτει
1944 2605 2021 2670 δὲ
2064 2606 2184 2686 μά-

153 2714 351 2774 λιστα
396 2708 465 2786 ἐς
497 2711 572 2774 τὸ
609 2711 773 2796 πρὸς
806 2709 1147 2797 πλευρέων
1182 2710 1394 2797 μέρος.
1459 2713 1574 2789 τὰς
1602 2707 1675 2776 δὲ
1703 2711 2182 2797 κατορθώσιας,

303 2872 331 2919 1
371 2866 587 2936 κεφαλὴ
624 2866 685 2919 Μ
793 2868 925 2921 ante
960 2868 1169 2937 ἀκρωμ.
1209 2868 1339 2922 add.
1377 2868 1440 2923 τὸ
1487 2868 1664 2938 vulg.,
1721 2884 1828 2921 om.
1876 2868 2036 2922 codd.

154 2942 189 2990 2
229 2934 349 2991 ἀπά
387 2957 472 2992 ειν
509 2937 563 2990 Η
600 2937 672 2991 al.
710 2955 784 2991 m.
813 2937 874 2990 M
900 2938 1060 3005 Litt„
1098 2938 1266 3009 ὑπάγ.
1308 2940 1411 2993 cet.
1522 2946 1572 2993 2.
1611 2945 1644 2993 3
1691 2938 1979 2994 ἀπωθέειν
2017 2938 2180 2992 codd.

266 3013 298 3060 3
369 3050 379 3060 .
417 3028 464 3062 τ.
504 3009 627 3079 darn.
656 3008 742 3076 Μ,
779 3028 827 3062 τ.
856 3008 978 3078 ἄγκ.
1014 3029 1063 3064 τ.
1103 3008 1144 3064 ἕ.
1183 3012 1288 3064 0813.
1398 3017 1433 3064 4
1470 3008 1879 3080 κατωμίζεσθαι
1915 3010 2006 3081 (of.
2046 3009 2180 3078 ἄρθ.

153 3080 275 3150 ἐμβ.
315 3096 361 3133 ο.
390 3082 445 3148 4)
484 3080 686 3149 auspic.
717 3080 874 3134 Foes.
911 3080 973 3133 in
998 3080 1148 3134 notis
1278 3086 1312 3135 5
1350 3081 1522 3137 ἔνθεν
1547 3081 1619 3136 τὰ
1647 3081 1688 3136 ἐ.
1720 3081 1899 3148 codd„
1938 3080 2181 3137 ἐνθέντα

158 3150 229 3203 τὰ
267 3150 308 3205 ἐ.
347 3150 504 3205 Poe&
653 3157 683 3203 7
722 3151 824 3216 ξὺν
863 3151 1023 3205 codd.
1169 3156 1202 3205 8
1248 3150 1537 3224 πλευρίῃσι
1575 3152 1742 3222 vulg„
1780 3170 1917 3206 corr.
1956 3152 2090 3206 Litt.

154 3225 190 3273 9
229 3220 515 3291 ἀνάληψις
539 3221 692 3276 Parr.
720 3221 1006 3289 MNLitt.,
1043 3221 1311 3294 ἀνάληξις
1335 3223 1396 3276 Μ
1430 3223 1580 3294 vulg.
1728 3228 1794 3276 13
1833 3220 1863 3278 ὃ
1892 3223 1969 3291 Μ,
2008 3214 2053 3277 ὦ
2073 3226 2179 3277 cet.

303 3298 371 3346 14
424 3293 523 3346 καὶ
569 3292 644 3357 ὡς
688 3309 796 3347 om.
844 3294 906 3347 in
950 3294 1133 3360 textu,
1190 3315 1274 3364 γρ.
1322 3295 1421 3349 καὶ
1466 3296 1541 3357 ὡς
1585 3293 1757 3363 νόμος
1791 3294 1829 3348 i.
1866 3313 1939 3349 m.

160 3368 225 3416 16
256 3380 302 3417 c.
328 3368 500 3418 7-18
528 3365 772 3432 repetita
800 3380 870 3418 ex
895 3363 1029 3420 libri
1055 3384 1114 3419 π.
1136 3365 1372 3433 ἀρθρῶν
1401 3366 1517 3437 έμβ.
1548 3383 1594 3420 c.
1619 3370 1823 3419 17-29
1937 3370 2003 3419 18
2033 3366 2180 3419 ἀνω-

153 3432 319 3489 θέειν
339 3435 501 3490 codd.
578 3440 662 3489 20.
683 3441 749 3489 21
781 3435 1086 3499 κατάτασις
1110 3435 1450 3503 DFHIKU,
1478 3435 1703 3491 κατάστ.
1723 3436 1949 3505 Mvulg.
2025 3441 2092 3489 23
2117 3437 2181 3497 ἐς

154 3505 219 3559 τὸ
255 3505 398 3573 ΜΗ,
454 3506 516 3561 ἐκ
551 3514 651 3560 τοῦ
687 3506 786 3561 rel.
834 3507 994 3561 codd.
1140 3506 1421 3576 πλευρέων
1457 3507 1543 3574 Μ,
1597 3507 1838 3574 πλεύρεα
1873 3506 2021 3576 vulg.
2059 3507 2178 3574 Pq.‚

154 3594 182 3630 ε
219 3592 359 3631 corr.
399 3593 469 3630 ex
507 3597 529 3629 ι
564 3576 630 3644 U,
667 3574 902 3646 πλευρία
939 3578 1071 3632 Litt.
