2588 3876
327 134 412 198 74
1047 137 1221 188 ΠΕΡΙ
1255 137 1513 190 ΑΓΜΩΝ
1551 142 1618 190 16

319 319 516 383 τερον
562 291 754 382 εἶναι,
800 296 886 381 ἢν
930 299 1152 381 σωλὴν
1192 297 1571 382 ὑποκέηται.
1642 301 1855 364 καίτοι
1892 298 2357 386 ἀτεχνώτερόν

320 402 401 487 γέ
443 402 641 469 ἐστιν.
716 405 820 468 δεῖ
862 400 986 486 μὲν
1030 406 1156 490 γὰρ
1203 403 1308 490 ἐφ’
1354 404 1606 490 ὁμαλοῦ
1652 404 1762 471 καὶ
1807 411 2165 490 μαλθακοῦ
2208 417 2353 472 κεῖ-

321 516 485 575 σθαι
526 511 739 593 πάντη
785 512 1048 589 πάντως
1094 510 1160 588 ἐς
1207 513 1345 577 ἰθύ.
1428 511 1573 578 ἐπεί
1612 516 1722 578 τοί
1761 536 1838 596 γε
1883 512 2136 596 ἀνάγκη
2181 536 2353 599 κρα-

315 622 603 700 τηθῆναι
647 617 771 700 τὴν
818 616 1114 683 ἐπίδεσιν
1165 618 1296 683 ὑπὸ
1351 627 1467 702 τῆς
1520 619 1928 706 διαστροφῆς
1978 628 2094 703 τῆς
2140 619 2214 684 ἐν
2261 630 2349 705 τῇ

264 747 289 788 ⁶
318 722 526 807 θέσει,
575 723 729 789 ὅποι
766 723 849 788 ἂν
887 723 1049 809 ῥέπῃ
1096 722 1206 790 καὶ
1254 723 1468 790 ὁπόσα
1504 724 1588 790 ἂν
1633 725 1823 812 ῥέπῃ·
1869 725 2350 811 ὑποκρινέσθω

317 825 391 894 δὲ
437 829 473 895 ὁ
521 829 980 915 ἐπιδεδεμένος
1024 830 1258 915 ταύτά,
1316 833 1480 917 ἅπερ
1526 830 1637 896 καὶ
1686 835 2014 918 πρότερον
2059 832 2347 917 εἴρηται·

315 934 425 1000 καὶ
462 938 588 1022 γὰρ
624 938 748 1021 τὴν
784 936 1082 1003 ἐπίδεσιν
1117 938 1241 1023 χρὴ
1275 939 1593 1022 τοιαύτην
1629 933 1800 1004 εἶναι
1835 937 1947 1003 καὶ
1982 939 2057 1002 τὸ
2095 938 2352 1021 οἴδημα

208 1059 313 1108 478
330 1042 539 1119 οὕτως
575 1039 987 1128 ἐξαείρεσθαι
1035 1042 1101 1120 ἐς
1135 1045 1215 1108 τὰ
1251 1044 1451 1130 ἄκρεα
1487 1041 1598 1110 καὶ
1636 1045 1750 1120 τὰς
1786 1045 2101 1128 χαλάσιας
2129 1044 2353 1123 οὕτως

333 1146 443 1214 καὶ
487 1150 602 1226 τὰς
647 1149 1099 1235 μετεπιδέσιας
1146 1150 1258 1214 διὰ
1292 1153 1535 1235 τρίτης,
1580 1149 1689 1216 καὶ
1727 1150 2136 1236 εὑρισκέσθω
2178 1152 2185 1236 Ι
2231 1151 2352 1217 ἐπὶ

236 1283 288 1323 ιο
317 1257 704 1340 ἰσχνότερον
748 1257 822 1320 τὸ
862 1254 1314 1340 ἐπιδεόμενον,
1359 1256 1469 1321 καὶ
1514 1258 1630 1334 τὰς
1666 1256 1997 1335 ἐπιδέσιας
2034 1257 2140 1323 ἐπὶ
2175 1262 2355 1341 μᾶλ-

315 1365 436 1425 λον
481 1368 821 1427 ποιεῖσθαι
865 1360 976 1427 καὶ
1020 1366 1279 1428 πλείοσι
1337 1373 1555 1429 τοῖσιν
1608 1364 1970 1430 ὀθονίοισι·
2023 1369 2354 1452 περιλαμ-

314 1468 546 1550 βάνειν
590 1491 659 1533 τε
703 1467 813 1534 καὶ
858 1470 980 1534 τὸν
1032 1470 1206 1535 πόδα
1260 1474 1585 1557 χαλαρῶς,
1638 1470 1726 1554 ἢν
1769 1473 1857 1555 μὴ
1911 1472 2080 1553 ἄγαν
2138 1469 2364 1554 ἐγγὺς

313 1567 356 1661 ᾖ
398 1584 521 1639 τοῦ
565 1577 887 1658 γούνατος
922 1575 997 1639 τὸ
1033 1585 1275 1661 τρῶμα.
1348 1579 1756 1641 κατατείνειν
1793 1573 1867 1641 δὲ
1902 1578 2179 1662 μετρίως
2225 1577 2351 1642 καὶ

313 1680 802 1768 ἐπικατορθοῢν
860 1680 963 1766 ἐφ’
1022 1679 1256 1767 ἑκάστῃ
1314 1681 1600 1748 έπιδέσει
1657 1684 1779 1768 χρὴ
1833 1685 1913 1747 τὰ
1968 1682 2185 1748 ὀστέα·
2256 1684 2353 1768 ἢν

235 1814 284 1857 15
312 1790 439 1875 γὰρ
488 1788 711 1876 ὀρθῶς
755 1785 876 1871 μὲν
933 1790 1335 1875 ἰητρεύηται,
1390 1790 1555 1854 κατὰ
1601 1793 1805 1872 λόγον
1852 1785 1927 1854 δὲ
1970 1790 2046 1854 τὸ
2093 1790 2352 1873 οἴδημα

313 1905 521 1982 χωρῇ,
578 1893 684 1960 ἐπὶ
739 1896 860 1978 μὲν
915 1896 1312 1981 λεπτότερον
1355 1894 1465 1960 καὶ
1523 1898 1908 1981 ἰσχνότερον
1953 1897 2027 1962 τὸ
2077 1895 2350 1963 ἐπιδεό-

312 2025 516 2084 μενον
552 2005 796 2087 χωρίον
832 2004 1033 2085 ἔσται,
1072 2000 1178 2067 ἐπὶ
1218 1998 1293 2067 δὲ
1331 1996 1415 2067 αὖ
1453 2006 1965 2090 παραγωγότερα
2001 2004 2082 2068 τὰ
2118 2004 2349 2089 ὀστέα,

312 2107 718 2173 ἐνακούοντα
754 2116 869 2191 τῆς
903 2109 1292 2185 κατατάσιος
1329 2113 1598 2192 μᾶλλον.
1674 2108 1838 2192 ἐπὴν
1876 2106 1949 2174 δὲ
1988 2107 2353 2193 ἑβδομαῖος

312 2213 352 2297 ἢ
392 2212 688 2290 ἐναταῖος
732 2214 772 2298 ἢ
821 2212 1235 2290 ἕνδεκαταῖος
1278 2214 1575 2299 γένηται,
1622 2218 1781 2292 τοὺς
1823 2217 2167 2301 νάρθηκας
2212 2221 2351 2303 χρὴ

233 2349 286 2389 20
306 2320 777 2407 προστιθέναι,
823 2323 1041 2407 ὥσπερ
1089 2320 1199 2386 καὶ
1246 2320 1354 2386 ἐπὶ
1398 2334 1539 2399 τοῖς
1581 2324 1884 2388 ἄλλοισιν
1927 2324 2353 2407 κατήγμασιν

313 2429 580 2514 εἴρηται.
671 2438 805 2493 τῶν
860 2424 934 2493 δὲ
988 2430 1354 2513 ναρθήκων
1406 2431 1521 2505 τὰς
1577 2427 1849 2513 ἐνέδρας
1894 2430 2016 2515 χρὴ
2075 2431 2350 2513 φυλάσ-

312 2542 548 2601 σεσθαι
601 2536 765 2600 κατά
818 2558 888 2599 τε
941 2545 1076 2600 τῶν
1130 2545 1410 2621 σφυρῶν
1462 2537 1586 2619 τὴν
1641 2533 1772 2613 ἴξιν
1831 2535 1940 2601 καὶ
1995 2537 2157 2600 κατὰ
2212 2539 2349 2602 τὸν

307 2642 584 2708 τένοντα
627 2643 745 2707 τὸν
791 2640 864 2706 ἐν
909 2652 988 2728 τῇ
1034 2645 1247 2726 κνήμῃ
1285 2650 1407 2705 τοῦ
1447 2644 1668 2718 ποδός.
1742 2641 1935 2707 ὀστέα
1974 2639 2048 2708 δὲ
2080 2644 2351 2729 κνήμης

308 2750 696 2832 κρατύνεται
755 2747 828 2812 ἐν
880 2749 1369 2834 τεσσαράκοντα
1422 2748 1762 2834 ἡμέρῃσιν,
1819 2747 1905 2831 ἢν
1958 2748 2182 2834 ὀρθῶς
2242 2752 2354 2833 ἰη-

454 2946 480 2993 1
513 2941 608 2994 ἀτε
610 2939 903 3029 χνέστερον
930 2940 1064 2994 libri
1082 2958 1226 2995 omn.
1247 2940 1534 3009 praeterB
1646 2946 1676 2993 2
1718 2940 1831 2995 ἐστι
1869 2940 1920 2994 V
2029 2946 2060 2993 3
2099 2941 2233 2996 εὐθύ
2273 2943 2348 3010 Β,

311 3008 404 3064 ἐπί
442 3030 504 3064 το
542 2962 655 3067 &vii
689 3032 758 3080 κη
796 3012 871 3064 Βι
905 3014 1041 3066 mut.
1081 3012 1141 3064 in
1178 3009 1299 3066 ἐπεί
1324 3031 1386 3065 το
1415 3030 1476 3082 γε
1505 3012 1558 3065 ἀ.
1596 3011 1672 3064 B³
1782 3015 2071 3081 κραθῆναι
2106 3012 2230 3065 MV

319 3087 351 3134 5
373 3080 629 3136 διαθέσει
716 3083 768 3137 V
841 3080 1013 3136 ὁκόσα
1034 3082 1194 3136 codd.
1270 3087 1302 3135 6
1330 3091 1506 3137 ταῦτα
1534 3082 1712 3149 codd„
1749 3083 1927 3136 ταύτα
1944 3082 2076 3136 Litt.
2151 3090 2182 3137 8
2215 3084 2355 3150 ἐξα-

320 3150 586 3221 είρασθαι
613 3153 749 3220 MV,
789 3152 1142 3221 ἐξαερεῖσθαι
1169 3154 1232 3220 Β,
1273 3150 1452 3221 ἐξαείρ
1457 3157 1624 3207 εσθαι
1659 3154 1810 3207 Part.
1849 3153 2041 3208 DHIJ
2048 3154 2100 3207 K
2171 3159 2203 3207 9
2246 3156 2356 3211 ἐπὶ

318 3224 379 3289 Β,
420 3240 523 3277 om.
557 3226 659 3277 oet.
772 3229 834 3277 11
856 3222 1026 3279 ποιέε.
1047 3223 1099 3277 V
1195 3224 1457 3279 πλέοσιν
1554 3232 1695 3278 τοισι
1714 3224 1831 3278 ΒΜ
1940 3230 2005 3279 13
2023 3225 2086 3280 τὸ
2115 3242 2223 3279 om.
2248 3228 2352 3296 B¹‚

319 3295 496 3348 adeor.
521 3294 596 3346 B³
704 3299 770 3348 16
844 3294 989 3367 ωρέῃ
1028 3294 1185 3349 codd.
1308 3301 1373 3349 17
1412 3292 1469 3350 δ’
1511 3291 1572 3350 εὖ
1609 3314 1936 3366 πραγωτερα
1972 3296 2353 3364 B1‚mut.in

319 3363 376 3421 δ’
419 3362 480 3420 εὖ
517 3315 989 3435 παραγωγόξεραῃ
988 3366 1063 3419 B'
1206 3372 1272 3420 18
1317 3366 1379 3421 δὲ
1416 3366 1543 3419 add.
1583 3365 1702 3419 MV
1747 3367 1854 3436 (B¹,
1903 3367 2010 3422 del.
2047 3385 2194 3422 man.
2237 3388 2352 3440 po-

320 3436 538 3507 sterior)
648 3441 713 3490 19
753 3436 934 3492 ἐννατ.
964 3437 1016 3491 V
1087 3457 1154 3509 χρ
1123 3437 1191 3507 ρὴ
1227 3438 1291 3505 Β,
1330 3454 1434 3491 om.
1475 3440 1578 3491 oet.
1689 3443 1758 3490 20
1785 3446 1901 3502 τοῖς
1925 3439 2116 3507 BMV‚
2153 3450 2352 3496 τοῖσιν

319 3524 425 3562 rec.
573 3505 782 3561 ἄλλοισι
819 3507 939 3561 MV
1083 3513 1149 3562 22
1189 3479 1300 3573 ἴξιν
1336 3510 1402 3561 ut
1438 3508 1582 3562 solet
1616 3508 1668 3562 V
