2588 3876
315 152 368 201 x
816 114 821 119 Ι
1119 147 1539 215 ΡΒΑΕῈΑΉΟ.

318 318 536 391 solent,
583 334 735 391 quae
779 316 946 376 nullo
992 317 1263 393 graviore
1301 316 1728 374 sententiarum
1775 315 2125 374 detrimento
2172 332 2341 390 prae-

316 405 572 466 termitti
633 408 897 481 possunt.
988 405 1146 463 Nam
1201 422 1247 463 c.
1300 405 1337 462 8
1398 395 1481 484 (p.
1526 405 1646 462 121
1687 395 1845 484 Kw.)
1910 423 2046 463 cum
2108 405 2341 480 integro

320 498 649 554 ceterorum
686 511 971 553 consensu
1007 495 1268 570 legatur:
1305 497 1454 552 τοῖσι
1489 490 1601 571 γὰρ
1628 490 1802 570 βουσὶ
1838 492 1962 554 τότε
1999 490 2346 552 ἐκπίπτουσι

318 587 585 662 μᾶλλον
641 582 705 642 οἱ
754 582 961 663 μηροί,
1015 582 1372 658 Apollonius
1429 574 1514 659 (Ρ.
1556 583 1636 640 26
1680 574 1839 663 Sch.)
1896 582 2056 641 solus
2111 581 2343 640 scribit:

316 694 364 732 τ.
424 695 477 752 γ.
534 672 590 750 β.
645 671 709 731 οἱ
757 669 935 752 μηροὶ
988 671 1112 732 τότε
1166 669 1292 731 ἐκπ.
1401 671 1628 729 Eadem
1691 672 1935 730 lieentia
1999 671 2063 728 in
2124 672 2344 729 iterata

315 763 870 821 commemoratione
915 761 1108 819 utitur
1152 781 1208 837 p.
1251 762 1332 819 19
1376 760 1534 819 Son:
1589 759 1872 839 κρεμάσαι
1924 756 2034 840 χρὴ
2080 757 2183 819 τὸν
2238 755 2346 817 ἅν-

317 855 569 930 θρωπον
595 858 713 909 τῶν
748 849 955 909 ποδῶν
982 849 1132 928 πρὸς
1160 848 1462 928 μεσόδμην
1492 845 1577 929 (p.
1610 849 1737 907 225
1757 840 1942 931 Kw.),
1979 868 2036 925 p.
2070 849 2151 906 25
2184 846 2345 906 Son:

317 961 406 1020 κρ.
452 936 562 1019 χρὴ
608 960 655 997 τ.
701 935 757 998 ἆ.
802 959 898 1019 πρ.
946 962 1004 1015 μ.
1052 940 1178 998 sine
1222 939 1441 1014 pedum
1485 940 1800 998 mentione.

453 1027 826 1103 Quamquam
862 1030 1050 1105 igitur
1093 1027 1448 1104 Apollonius
1485 1046 1605 1085 non
1648 1029 1701 1086 is
1747 1029 1862 1102 est,
1909 1025 2005 1086 cui
2049 1028 2113 1084 in
2148 1025 2344 1085 verbis

316 1117 701 1193 Hippocratis
755 1116 1124 1176 recensendis
1178 1120 1399 1175 temere
1455 1116 1840 1192 confidamus,
1895 1119 2097 1174 tamen
2152 1115 2227 1173 ab
2276 1132 2344 1173 eo

317 1207 444 1265 solo
491 1205 892 1282 compluribus
946 1206 1092 1266 locis
1147 1224 1355 1265 verum
1409 1206 1846 1283 genuinumque
1901 1205 2202 1264 servatum
2253 1205 2368 1261 inv

318 1297 581 1369 venitur,
627 1295 794 1354 velut
837 1315 895 1370 p.
937 1296 1084 1369 143,
1116 1296 1223 1353 14:
1270 1292 1562 1379 ἐγγωνίῳ,
1616 1294 1722 1352 ubi
1768 1294 1947 1353 ceteri
1992 1311 2192 1352 omnes
2240 1292 2346 1350 ab·

318 1386 664 1443 erraverunt
718 1384 794 1443 ad
847 1389 1050 1467 κοινῷ,
1105 1404 1161 1460 p.
1205 1385 1351 1459 167,
1386 1388 1462 1442 11
1523 1382 1711 1454 οὕτως
1766 1379 2216 1460 ἐπιθυμέοντες,
2271 1379 2345 1439 de

319 1493 437 1549 quo
496 1491 676 1549 supra
729 1471 1010 1547 diximus,
1063 1494 1120 1549 p.
1163 1474 1311 1547 232,
1342 1474 1378 1532 6
1438 1472 1591 1532 οὕτω
1647 1469 1756 1551 χρὴ
1802 1475 2106 1531 ποιεῖσθαι
2151 1468 2344 1550 ὥσπερ

318 1561 544 1642 εἴρηται
589 1558 630 1639 ἢ
675 1561 1165 1640 τοιουτοτρόπως,
1219 1562 1324 1620 ubi
1377 1581 1529 1620 unus
1583 1561 1939 1638 Apollonius
1985 1556 2025 1638 ἢ
2071 1560 2346 1619 voculam

317 1651 707 1710 necessariam
754 1653 1044 1725 servavit,
1098 1671 1154 1727 p.
1198 1653 1345 1726 242,
1379 1653 1458 1710 13
1515 1648 1663 1709 κατὰ
1716 1647 1845 1730 γὰρ
1899 1647 1962 1709 τὸ
2018 1646 2345 1727 παχύτερον

315 1736 518 1800 ὀστέον
564 1736 697 1818 ὀχεῖ.
779 1739 947 1798 Idem
990 1741 1246 1818 vestigia
1291 1743 1419 1799 veri
1463 1741 1622 1799 solus
1667 1739 1869 1815 prodit
1916 1738 2061 1813 235,
2095 1739 2195 1813 13,
2240 1737 2345 1795 ubi

316 1829 493 1907 Hugo
550 1828 766 1888 Weber
828 1826 933 1888 ἕνα
995 1837 1113 1888 τῶν
1175 1828 1495 1911 ποὸεῴνων
1554 1829 1855 1903 praeclare
1913 1829 2217 1887 revocavit
2276 1846 2345 1885 ex

317 1920 613 1996 scriptura
665 1919 988 1996 fragmenti
1040 1918 1456 1995 Apolloniani:
1519 1915 1584 1978 ἐν
1640 1916 1813 1977 δυοιν
1858 1915 2099 1977 ποὸεοιν
2156 1914 2345 1977 ὄντων

317 2005 675 2086 λελυμένων,
740 2027 875 2067 cum
936 2009 988 2066 B
1051 2008 1208 2066 ferat
1262 2008 1420 2083 quod
1473 2009 1738 2084 proxime
1803 2004 2054 2082 accedit,
2121 2005 2346 2083 ποδῶν,

318 2098 498 2157 ceteri
549 2097 874 2172 praebeant
925 2100 1173 2157 πολλῶν.
1274 2097 1583 2156 Accedunt
1647 2097 1768 2154 alia
1822 2094 2232 2155 memorabilia
2286 2098 2348 2154 et

318 2186 786 2246 consideratione
814 2186 1021 2264 digna,
1068 2187 1234 2246 velut
1267 2187 1411 2261 128,
1443 2189 1478 2245 2
1519 2183 1756 2260 ἔπειτεν,
1802 2184 1908 2243 ubi
1936 2184 2118 2243 ceteri
2145 2202 2346 2243 omnes

318 2275 465 2333 dant
508 2273 728 2350 ἔπειτα,
790 2276 1056 2350 197,13
1115 2272 1312 2386 μηροὶ
1339 2294 1447 2350 pro
1494 2275 1746 2333 lectione
1801 2274 2037 2350 vulgari
2081 2271 2346 2351 γλουτὸς,

324 2365 469 2439 126,
508 2365 547 2421 8
586 2361 665 2442 ἢν
705 2320 1060 2448 ἀνόμοιονῇ
1097 2363 1162 2424 τὸ
1191 2359 1353 2443 ’ὑγιες
1388 2368 1466 2446 τῷ
1497 2360 1588 2440 μὴ
1625 2360 1821 2442 ὑγιεῖ
1850 2355 2160 2443 (καμνόντι
2189 2353 2347 2441 cet.,)

319 2409 495 2528 quod,
540 2473 614 2512 ne
658 2453 1044 2528 participium
1088 2452 1263 2512 modo
1312 2453 1389 2512 ad
1428 2423 1732 2511 bominem
1780 2443 1862 2532 (v.
1906 2442 2000 2531 7),
2045 2450 2222 2509 modo
2270 2450 2347 2509 ad

320 2542 651 2603 membrum
694 2513 1344 2619 referatur,1n›ergius
1389 2542 1522 2600 vult
1564 2541 1767 2617 recipi.

453 2630 570 2690 Sed
613 2634 683 2689 ut
729 2631 929 2690 omnia
974 2631 1471 2706 comprehendens
1520 2630 1664 2706 quid
1710 2631 1964 2689 sentiam
2007 2607 2349 2704 proloquar,

316 2721 463 2778 haec
491 2720 844 2796 fragmenta,
873 2723 1237 2795 quamquam
1267 2739 1304 2777 a
1328 2719 1574 2793 medice,
1610 2737 1730 2777 non
1759 2737 1795 2776 a
1823 2717 2125 2794 philologo
2154 2720 2348 2776 trans-

319 2810 542 2883 scripta
586 2809 909 2885 imaginem
943 2808 1314 2883 formamque
1350 2810 1656 2867 contextus
1702 2807 2116 2882 Hippocratici
2151 2808 2347 2865 minus

317 2898 616 2974 integram
649 2896 928 2972 reddunt,
963 2900 1192 2972 tamen,
1237 2916 1373 2955 cum
1407 2916 1549 2956 vera
1587 2898 1693 2955 aut
1728 2896 2077 2955 verisimilia
2112 2897 2351 2970 praeter

319 2989 544 3045 ceteros
563 2985 748 3045 libros
765 2987 900 3062 plus
923 3005 1104 3062 quam
1131 2987 1313 3046 semel
1340 2986 1726 3060 servaverint,
1753 2983 1902 3043 utile
1930 2986 2076 3043 artis
2106 2986 2349 3043 criticae

320 3075 727 3133 adiumentum
773 3094 897 3135 esse
942 3075 1140 3135 iudico
1198 3076 1519 3150 eademque
1573 3073 1954 3156 memorabile
2001 3073 2350 3149 exemplum,

320 3183 439 3240 quo
484 3164 866 3223 manifestum
908 3164 1004 3240 fit,
1051 3164 1215 3224 cuius
1263 3164 1493 3241 generis
1538 3147 1983 3222 immutationes
2027 3162 2149 3220 iam
2196 3163 2351 3221 anti-

320 3254 524 3329 quitus
571 3254 863 3312 subierint
897 3253 1080 3312 verba
1114 3253 1502 3329 Hippocratis
1541 3256 1601 3312 et
1646 3251 1939 3328 quomodo
1978 3251 2282 3310 subierint.
2297 3243 2349 3332 l)
2449 3245 2454 3254 '

466 3461 517 3528 1)
557 3457 637 3513 cf.
667 3457 899 3527 Hbergii
937 3457 1008 3511 de
1043 3458 1150 3511 hac
1187 3474 1246 3511 re
1283 3456 1557 3510 iudicium
1593 3456 1654 3510 in
1690 3455 1978 3525 Apollonii
2017 3455 2353 3509 Schoeniani

321 3545 554 3584 censura
589 3530 734 3584 Berl.
772 3528 968 3598 philol.
1007 3528 1404 3583 Wochenschr.
1446 3533 1584 3582 1897
1622 3547 1676 3597 p.
1710 3534 1738 3581 1
1762 3546 1880 3596 sqq.
