2588 3876
358 194 491 258 220
811 197 986 246 ΠΕΡΙ
1022 195 1314 247 ΑΡΘΡΩΗ
1352 196 1710 246 ΕΜΒΟΑΗΣ
1749 198 1832 245 67.
1863 197 1932 246 68

260 373 365 420 280
385 358 510 441 χρὴ
556 356 903 440 αὐθήμερα
949 356 989 439 ἢ
1035 365 1113 440 τῇ
1159 353 1523 442 ὑστεΙραίῃ,
1577 357 1845 442 τριταίῳ
1894 351 1967 418 δὲ
2015 352 2125 419 καὶ
2170 377 2383 437 τεταρ-

356 466 518 549 ταίῳ
573 464 837 545 ἥκιστα·
906 473 1251 545 τεταρταῖοι
1319 463 1446 546 γὰρ
1512 459 1710 527 ἐόντα
1770 461 2185 544 ἐπισημαίνει
2242 471 2381 545 τῇσι

356 572 815 653 παλιγκοτίῃσι
871 567 1169 652 μάλιστα.
1261 560 1364 644 οἷς
1428 567 1515 632 ἂν
1569 562 1697 631 οὖν
1758 569 1848 651 μὴ
1913 566 2148 631 αὐτίκα
2211 565 2381 650 ἐγγέ-

355 699 547 758 νηται
576 673 949 759 ἐμβάλλειν,
984 674 1420 759 ὑπερβαίνειν
1457 675 1579 759 χρὴ
1618 675 1860 750 ταύτας
1896 674 2011 750 τὰς
2050 671 2382 758 εἰρημένας

303 808 326 846 5
355 780 629 866 ἡμέρας·
704 781 739 846 ὅ
803 804 867 845 τι
933 782 1059 866 γὰρ
1124 781 1209 845 ἄν
1274 778 1405 845 ἔσω
1463 780 1621 845 δέκα
1684 779 1983 866 ἡμερέων
2048 778 2381 863 ἐμβάλλῃς,

355 896 491 952 πᾶν
554 890 990 970 καταληπτόν.
1099 888 1183 971 ἢν
1248 885 1308 952 δ’
1374 887 1503 971 ἄρα
1567 886 2033 973 ἐμβεβλημένῳ
2099 887 2382 967 σπασμὸς

358 993 764 1077 ἐπιγένηται,
802 992 1148 1076 ἐκβάλλειν
1184 994 1259 1057 τὸ
1298 995 1565 1078 ἄρθρον
1601 994 1724 1077 χρὴ
1761 994 1956 1077 ταχύ,
2004 991 2116 1057 καὶ
2161 999 2379 1078 θερμῷ

358 1098 620 1183 τέγγειν
668 1100 754 1177 ὡς
800 1101 1177 1176 πλειστάκις
1228 1101 1341 1164 καὶ
1394 1100 1469 1164 τὸ
1528 1100 1691 1164 ὅλον
1736 1110 1923 1183 σῶμα
1968 1105 2235 1184 θερμῶς
2275 1095 2376 1163 καὶ

357 1213 652 1292 λιπαρῶς
710 1205 821 1271 καὶ
884 1211 1242 1288 μαλθακῶς
1305 1203 1483 1290 ἔχειν
1546 1204 1656 1270 καὶ
1729 1207 2013 1290 μάλιστα
2086 1207 2246 1271 κατὰ
2304 1205 2376 1268 τὰ

279 1340 330 1379 10
358 1315 599 1398 ἄρθρα.
682 1312 1064 1397 κεκάμφθαι
1125 1314 1201 1378 δὲ
1258 1318 1515 1395 μᾶλλον
1578 1314 1615 1398 ἢ
1675 1311 2069 1378 ἐκτετάσθαι
2126 1323 2256 1384 πᾶν
2305 1313 2372 1375 τὸ

360 1430 545 1500 σῶμα
580 1423 723 1504 χρή.
805 1417 1298 1504 προσδέχεσθαι
1335 1419 1564 1505 μέντοι
1599 1422 1723 1507 χρὴ
1761 1424 1925 1489 κατὰ
1960 1425 2121 1497 τοὺς
2155 1420 2372 1485 δακτύ-

358 1531 518 1600 λους
571 1527 651 1590 τὰ
706 1526 931 1610 ἄρθρα
985 1528 1064 1590 τὰ
1120 1526 1575 1611 ἐμβαλλόμενοι
1634 1528 2039 1594 άποστατικὰ
2084 1524 2374 1592 ἔσεσθαι·

356 1632 436 1695 τὰ
481 1632 608 1716 γὰρ
654 1635 929 1697 πλεῖστα
976 1633 1150 1698 οὕτω
1207 1637 1492 1718 γίνεται,
1539 1636 1623 1719 ἢν
1669 1634 1780 1700 καὶ
1825 1635 2059 1701 ὁτιοῦν
2103 1639 2368 1717 φλεγμο-

356 1746 477 1819 νῆς
521 1737 948 1822 ὑπογένηται,
995 1740 1103 1822 ὡς,
1150 1742 1209 1805 εἱ
1254 1743 1344 1825 μὴ
1393 1740 1479 1806 δι’
1526 1741 1826 1825 ἀμαθίην
1869 1753 2007 1807 τῶν
2053 1739 2372 1825 ’δημοτέων

277 1870 327 1909 1⁵
357 1842 431 1907 ἐν
478 1845 652 1929 αἰτίῃ
700 1841 974 1928 ἔμελλεν
1023 1845 1059 1909 ὁ
1109 1848 1335 1930 ἰητρὸς
1379 1845 1683 1929 ἔσεσθαι,
1740 1844 1944 1913 οὐδὲν
1998 1847 2086 1913 ἂν
2131 1849 2372 1920 πάντως

357 1947 515 2016 οὐδὲ
562 1951 913 2035 ἐμβάλλειν
959 1953 1113 2017 ἔδει.
2326 2007 2330 2011 -

491 2057 602 2120 68.»
668 2059 762 2121 Τὰ
814 2060 937 2141 μὲν
993 2054 1121 2124 οὖν
1165 2062 1329 2125 κατὰ
1384 2063 1464 2125 τὰ
1521 2063 1744 2146 ἄρθρα
1800 2063 1996 2127 ὀστέα
2052 2061 2373 2147 ἐξίσχοντα

249 2179 355 2226 282
380 2160 836 2245 ἐμβαλλόμενα
873 2165 1046 2231 οὕτω
1085 2169 1502 2232 κινδυνώδεά
1541 2167 1743 2252 ἐστιν,
1791 2170 1881 2245 ὡς
1926 2176 2196 2255 εἴρηται.
2227 2169 2235 2255 Ι
2264 2169 2375 2233 ὅσα

359 2264 433 2331 δὲ
479 2269 643 2333 κατὰ
687 2270 767 2333 τὰ
815 2271 1039 2355 ἄρθρα
1085 2273 1167 2336 τὰ
1210 2274 1375 2338 κατὰ
1421 2277 1576 2350 τοὺς
1624 2276 1993 2351 δακτύλους
2031 2274 2373 2340 ἀποκόπτε-

274 2403 327 2440 20
355 2399 461 2438 ται
507 2373 772 2458 τελέως,
818 2386 1026 2441 ταῦτα
1072 2377 1304 2443 ἀσινέα
1350 2380 1429 2443 τὰ
1474 2381 1749 2445 πλεῖστά
1795 2379 2006 2464 ἐστιν,
2055 2383 2114 2446 εἰ
2157 2384 2244 2464 μή
2287 2404 2373 2455 τις

353 2479 430 2546 ἐν
474 2482 640 2567 αὐτῇ
687 2492 764 2566 τῇ
813 2484 1052 2566 τρώσει
1088 2489 1592 2568 λειποθυμήσας
1626 2488 1930 2571 βλαβείη·
1986 2486 2098 2552 καὶ
2138 2489 2370 2573 ἰητρείη

432 2697 525 2813 41
577 2690 907 2760 αὐθήμερον
944 2691 1063 2745 MV
1104 2691 1206 2816 Βῆ
1253 2711 1356 2762 pro
1394 2695 1493 2748 καὶ
1529 2694 1588 2747 Μ
1734 2702 1764 2748 3
1814 2693 1926 2750 οῖσι
1962 2696 2048 2764 Μ,
2097 2719 2160 2752 -ν
2197 2698 2248 2751 V

538 2760 670 2831 ένητ
672 2783 732 2816 αι
770 2763 914 2830 MV,
956 2762 1064 2832 ἐνγ.
1286 2772 1322 2817 4
1371 2765 1737 2855 ὑπερβάλλειν
1775 2767 1820 2819 Β
1957 2773 1989 2820 5
2029 2768 2160 2826 εἴσω
2198 2768 2373 2833 BMV,

353 2832 457 2885 ἔσω
560 2833 577 2863 ¹
684 2832 903 2903 ἡμερῶν
941 2834 986 2886 Β
1098 2764 1150 2888 ξ
1123 2835 1306 2904 μβάλη
1343 2836 1410 2902 V,
1460 2836 1665 2907 ἐμβάλῃ
1670 2857 1691 2890 ι
1729 2847 1878 2892 σπᾶν
1914 2838 1974 2891 Μ
2125 2845 2156 2892 6
2202 2840 2370 2895 πάντα

350 2902 423 2967 Β,
481 2911 630 2959 σπᾶν
669 2904 790 2958 Par.
831 2904 1322 2960 EFHIJKMOU
1367 2906 1499 2960 Litt.
1539 2907 1686 2961 Erm.
1726 2909 1824 2977 Pq.
2003 2915 2184 2965 καταλ

351 2972 396 3023 Β
435 2973 567 3027 Litt.
608 2973 755 3029 Erm.
794 2975 893 3043 Pq.
998 2985 1153 3031 σπῶν
1190 2977 1546 3045 καταληπτόν
1583 2978 1710 3032 Wb.
1774 2927 1875 3035 (ἰδὲ
1913 2980 1972 3033 Μ
2123 2909 2371 3054 ⁷3:¹2²·

351 3046 467 3097 λειν
505 2994 1464 3135 BMV‚5ussqEHK18ante
1502 3050 1577 3112 ὡς
1613 3051 1740 3103 add.
1780 3049 1816 3119 ἡ
1854 3050 1901 3103 Β
2048 3059 2080 3106 9
2129 3057 2279 3107 λαπα
2280 3061 2372 3120 ρῶς

350 3113 400 3166 V
501 3114 736 3182 μάλιστα
782 3117 851 3170 τὰ
896 3116 1042 3171 κατὰ
1080 3122 1133 3170 Γ
1274 3124 1342 3172 10
1397 3119 1455 3174 τὲ
1502 3120 1553 3173 V
1701 3127 1765 3174 11
1811 3121 2244 3213 προσδέχεσθαι

351 3182 567 3252 εἴρηται
615 3189 726 3255 (18)
772 3205 878 3241 om
919 3191 972 3240 Γ
1074 3188 1179 3259 χρὴ
1228 3206 1335 3242 om.
1382 3190 1503 3244 MV
1659 3197 1725 3244 13
1773 3191 1949 3254 ουτως
1993 3193 2041 3246 Β
2154 3193 2239 3248 ὅτι
2281 3190 2369 3248 οὖν

349 3253 401 3306 V
566 3261 759 3309 13.14
811 3261 1093 3327 φλεγμονὴ
1132 3258 1390 3328 οὖπογέν.
1431 3261 1476 3314 Β
1586 3260 1874 3331 ἀμαθείην
1911 3264 1957 3317 Β
2126 3273 2192 3318 15
2239 3261 2369 3325 εἶναι

346 3338 441 3410 τίη
478 3360 580 3411 pro
629 3344 689 3398 ἐν
728 3342 879 3414 αἰτίη
919 3346 964 3397 Β
1130 3353 1195 3401 16
1245 3346 1375 3402 οὐδ’
1416 3349 1536 3402 MV
1703 3357 1766 3404 17
1824 3355 1926 3406 ΑΕ
1974 3355 2101 3422 (om.
2143 3357 2215 3423 Γ)
2256 3353 2367 3420 περὶ

346 3421 459 3466 τῶν
497 3400 975 3482 ἀποκοπτομένων
1005 3417 1180 3471 ὀστῶν
1210 3423 1319 3472 ΒΓ
1462 3426 1542 3474 19.
1575 3427 1644 3473 26
1681 3421 1955 3477 ἀποκόπτ.
1988 3441 2095 3479 om.
2127 3426 2218 3492 B¹,
2254 3425 2364 3479 add.

342 3480 822 3605 J13²i.m.130
858 3485 1076 3548 τελείως
1112 3489 1230 3541 MV
1340 3488 1410 3558 ἢν
1447 3491 1493 3543 Β
1639 3500 1704 3547 21
1745 3496 1854 3548 λιπ.
1888 3498 1961 3563 Γ,
2000 3495 2367 3566 λιποθυμήσαι

503 3549 686 3620 {nvom
