2588 3876
319 85 448 148 130
815 85 990 136 ΠΕΡΙ
1023 80 1314 136 ΑΡΘΡΩΝ
1350 80 1709 133 ΕΜΒΟΛΗΣ
1749 84 1811 132 11

315 243 903 331 καταναισιμοῦται
937 246 1069 330 γὰρ
1102 242 1177 310 ἐν
1212 252 1290 329 τῇ
1339 242 1667 307 ἀνατάσει.
1740 243 1805 306 οὶ
1844 238 1903 306 δ’
1944 235 2028 305 αὖ
2071 243 2293 324 τόνοι,
2336 238 2349 327 ξ

218 373 322 420 110
343 353 463 429 οὓς·
506 354 782 438 οὐδεμιῇ
828 361 1084 437 μηχανῇ
1142 351 1245 415 δεῖ
1289 351 1701 435 τιτρώσκειν,
1767 343 1954 413 οὗτοι
1998 349 2357 432 πρόχειροι

228 500 234 506 ·
315 463 617 543 γίνονται
663 457 773 535 καὶ
819 457 1323 543 κατατεταμένοι
1370 455 1445 521 ἐν
1488 456 1701 543 τούτῳ
1743 462 1839 542 τῷ
1887 456 2188 539 σχήματι.
2251 451 2356 538 ’ἢν

317 567 392 631 δὲ
437 566 719 651 σμικρὸν
765 563 1009 650 ἐπάρῃς
1053 565 1172 629 τὸν
1215 565 1570 649 βραχίονα,
1625 565 1799 628 πολὺ
1855 562 1979 646 μὲν
2023 569 2144 625 τοῦ
2192 560 2352 645 δέρ-

260 701 284 740 s
313 695 516 756 ματος
571 671 926 754 ἀπολήψει,
983 670 1054 734 οἱ
1105 670 1181 734 δὲ
1235 672 1454 752 τόνοι,
1501 664 1597 734 ὧν
1652 670 1755 733 δεῖ
1812 674 2350 752 προμηθεῖσθαι,

314 777 442 844 ἔσω
506 777 617 843 καὶ
681 780 908 861 πρόσω
973 784 1094 840 τοῦ
1159 778 1573 861 χειρίσματος
1636 777 1959 857 γίνονται.
2050 768 2157 858 ἀρ’
2214 769 2351 839 οὖν

314 886 438 951 οὐκ
484 869 562 950 ἐν
603 884 777 969 πάσῃ
824 892 902 969 τῇ
947 881 1140 968 τέχνῃ
1196 880 1350 968 περὶ
1404 881 1649 958 παντὸς
1703 882 1827 965 χρὴ
1871 888 2218 946 ποιεῖσθαι
2262 884 2350 945 τὰ

315 993 539 1056 δίκαια
586 994 878 1075 σχήματα
925 988 1332 1074 ἐξευρίσκειν
1388 986 1499 1072 ἐφ’
1552 986 1909 1073 ἑκάστοισι,
1963 997 2170 1053 ταῦτα
2218 987 2352 1073 μὲν

312 1100 394 1164 τὰ
438 1099 602 1163 κατὰ
657 1098 780 1181 τὴν
824 1087 1193 1180 μασχάλην,
1252 1093 1364 1159 καὶ
1413 1096 1634 1159 ἱκαναὶ
1691 1088 1888 1158 αὗται
1948 1096 2017 1159 αἱ
2064 1100 2350 1180 καταλήα

236 1235 289 1273 ιο
315 1217 485 1290 ψιες,
530 1205 615 1289 ’ἢν
659 1203 885 1289 ὀρθῶς
928 1209 1222 1268 τεθῶσιν
1267 1203 1337 1266 αἱ
1385 1200 1674 1287 ἐσχάραι.
1746 1199 2070 1266 ἔκτοσθεν
2116 1198 2191 1267 δὲ
2227 1212 2351 1285 τῆς

208 1337 223 1358 ·
312 1313 647 1397 μασχάλης
703 1312 897 1375 δισσὰ
959 1310 1176 1394 μοῦνά
1210 1308 1406 1403 ’ἐστιν
1456 1310 1693 1392 χωρία,
1754 1309 1867 1373 ’ἵνα
1931 1307 2212 1394 ἐσχάρας
2256 1307 2348 1373 ἂν

310 1442 409 1495 τις
453 1420 630 1500 θείη,
690 1417 1138 1501 τιμωρεούσας
1180 1423 1272 1502 τῷ
1328 1417 1691 1500 παθήματι,
1752 1417 1911 1499 μίαν
1956 1415 2081 1500 μὲν
2124 1414 2200 1480 ἐν
2248 1424 2348 1502 τῷ

310 1523 694 1610 ἔμπροσθεν
738 1526 990 1606 μεσηγὺ
1036 1532 1152 1605 τῆς
1195 1546 1265 1587 τε
1311 1526 1600 1607 κεφαλῆς
1656 1532 1778 1587 τοῦ
1824 1524 2181 1607 βραχίονος
2229 1508 2358 1587 καῖ

310 1640 429 1696 τοῦ
477 1630 785 1707 τένοντος
841 1639 962 1694 τοῦ
1014 1630 1178 1694 κατὰ
1232 1630 1357 1712 τὴν
1410 1629 1779 1714 μασχάλην·
1834 1628 1944 1694 καὶ
1998 1630 2204 1713 ταύτῃ
2263 1630 2345 1692 τὸ

238 1766 289 1806 15
316 1739 439 1820 μὲν
495 1736 702 1824 δέρμα
767 1736 1002 1813 τελέως
1069 1737 1192 1820 χρὴ
1256 1737 1611 1820 διακαίειν,
1675 1736 2059 1821 βαθύτερον
2122 1731 2198 1799 δὲ
2254 1735 2345 1799 οὐ

206 1865 308 1911 112
334 1848 484 1929 χρή·
550 1843 729 1928 φλέψ
774 1866 844 1908 τε
891 1844 1017 1929 γὰρ
1061 1853 1299 1926 παχεῖα
1342 1845 1585 1926 πλησίη
1631 1840 1741 1906 καὶ
1778 1851 2003 1925 νεῦρα,
2044 1839 2054 1927 l
2095 1836 2192 1906 ὧν
2225 1842 2344 1906 οὐ-

310 1951 541 2036 δέτερα
602 1950 998 2036 θερμαντέα.
1108 1948 1396 2015 ὄπισθέν
1466 1973 1538 2014 τε
1610 1945 1694 2014 αὖ
1768 1951 1977 2032 ἄλλην
2049 1947 2345 2035 ἐσχάρην

312 2056 645 2142 ἐνδέχεται
692 2056 992 2122 ἐνθεῖναι
1038 2055 1345 2142 ἀνωτέρω
1404 2057 1526 2141 μὲν
1587 2065 1806 2145 συχνῷ
1857 2064 1978 2121 τοῦ
2026 2053 2341 2131 τένοντος

453 2229 480 2275 1
549 2225 850 2292 κατατει(ει
885 2223 991 2277 del.
1038 2239 1186 2277 man.
1232 2224 1486 2292 post.)ve·
1554 2230 1809 2291 σιμοῢται
1862 2221 1933 2287 Β,
2007 2223 2344 2275 ὃαπανᾶται

309 2311 379 2348 se.
418 2293 465 2347 B
482 2293 527 2360 ²,
566 2303 911 2348 κατατεῖναι·
953 2302 1206 2364 σιμοῦται
1242 2293 1311 2361 V,
1349 2308 1863 2362 κατατεινεσιμουτε
1903 2296 1964 2358 Γ,
2000 2293 2340 2346 καταδαπα-

308 2369 525 2420 νᾶσθαι
581 2364 700 2418 Gal.
759 2382 954 2419 comm.
1008 2384 1065 2434 p.
1106 2371 1234 2431 381,
1288 2372 1815 2432 καταναισιμοῦται,
1870 2360 2344 2418 καταναλίσκεται

309 2437 431 2490 Gal.
489 2435 747 2506 glossar.;
792 2437 945 2491 idem
995 2436 1224 2491 verbum
1276 2452 1343 2490 ex
1391 2436 1498 2489 hoc
1544 2435 1688 2489 libro
1736 2436 1877 2489 citat
1924 2434 2227 2488 Erotianus
2273 2434 2339 2487 in

308 2508 583 2578 glossario
631 2507 817 2579 (Klein
852 2527 908 2577 p.
949 2511 1063 2578 88),
1118 2508 1267 2562 unde
1315 2507 1564 2562 restituit
1607 2507 1739 2560 Litt.
1815 2507 1946 2560 ante
1992 2507 2151 2560 ἀνατ.
2200 2505 2340 2558 add-

306 2581 535 2649 τοιαύτη
569 2583 622 2634 Γ
686 2579 741 2633 οἱ
769 2574 827 2632 δ’
852 2620 863 2633 .η
883 2622 924 2633 ..
953 2599 1037 2650 χει
1076 2576 1183 2648 ίσμ.
1205 2576 1461 2648 γίνονται
1480 2578 1536 2648 (1.
1558 2580 1611 2649 6)
1632 2596 1738 2632 om.
1763 2578 1817 2631 Γ
1881 2578 1987 2630 οὐδ
2012 2577 2075 2651 Β,
2103 2579 2244 2629 mut.
2274 2576 2345 2630 in

309 2648 399 2704 ὁδ’
438 2651 523 2704 Β2
646 2657 675 2704 2
716 2649 848 2705 οὐδὲ
885 2658 981 2719 μιῆ
1020 2600 1072 2704 ὅ
1193 2656 1224 2702 3
1272 2649 1323 2704 εἰ
1360 2650 1412 2704 V
1532 2655 1565 2702 4
1611 2646 1669 2703 δ’
1702 2649 1816 2718 ἐσμ.
1854 2644 1899 2700 Β
1972 2647 2173 2717 μικρὸν
2210 2646 2265 2700 V

307 2753 339 2800 5
378 2746 682 2817 προμηθέε.
725 2748 882 2802 codd.
1030 2755 1061 2801 6
1100 2746 1227 2802 εἴσω
1266 2746 1385 2801 MV
1445 2750 1537 2802 Ην
1572 2765 1674 2816 pro
1714 2740 1810 2814 ἆρ’
1850 2741 1954 2801 οὖν
1984 2750 2036 2799 Γ
2155 2751 2183 2798 7
2223 2754 2344 2799 πᾶ-

309 2835 397 2872 σιν
434 2819 506 2883 Β,
545 2820 734 2887 ἀπαση
775 2823 826 2873 Γ
889 2818 1061 2874 ποιέε.
1101 2818 1261 2873 codd.
1391 2823 1422 2872 9
1460 2818 1532 2873 τὰ
1568 2836 1674 2873 om.
1713 2817 1765 2870 V
1835 2817 1938 2886 τὴν
1976 2834 2081 2871 om.
2121 2816 2344 2884 B¹V1’'‚

308 2888 436 2950 add.
474 2889 551 2941 13³
576 2889 724 2959 vulg.
811 2891 978 2944 αὐταὶ
1015 2889 1067 2943 V
1212 2895 1278 2943 10
1316 2886 1390 2957 ἢν
1421 2933 1431 2943 .
1466 2933 1475 2944 .
1510 2932 1520 2944 .
1552 2889 1784 2961 ἐσχάραι
1821 2906 1927 2943 om.
1961 2892 2014 2942 Γ
2088 2886 2343 2958 ασχάραι

308 2977 411 3027 pro
450 2959 510 3013 αἱ
550 2961 589 3013 ἐ.
628 2961 674 3013 Β
749 2961 978 3016 ἔκτοσθε
1004 2962 1078 3025 Β,
1117 2982 1150 3016 ν
1188 2976 1259 3014 οε.
1288 2961 1378 3027 Βῧ,
1419 2961 1653 3016 ἔκτοθεν
1692 2960 1743 3013 V
1869 2966 1932 3012 11
1974 2956 2121 3028 μόνα
2149 2960 2343 3026 codd,

306 3038 489 3098 μοῦνα
515 3030 614 3099 Pq.
691 3031 748 3092 ἐς
782 3031 883 3101 τὴν
910 3049 1012 3100 pro
1052 3034 1198 3087 ἐστὶν
1222 3032 1296 3099 Β,
1334 3032 1447 3087 ἐστὶ
1474 3031 1526 3084 V
1619 3037 1827 3086 11—12
1858 3030 1929 3086 ἄν
1956 3050 2040 3092 τις
2068 3031 2178 3101 ἔσχ.
2208 3029 2264 3083 V

309 3107 374 3154 12
413 3105 552 3170 μαθ.
582 3101 634 3155 V
723 3099 822 3171 μία
857 3103 1017 3170 ΒῑΓ,
1053 3124 1086 3157 ν
1125 3103 1252 3156 add.
1290 3103 1375 3156 B⁸
1454 3120 1600 3172 μεσσ.
1645 3107 1697 3156 Γ
1834 3107 1901 3155 13
1936 3120 1997 3161 τε
2035 3118 2143 3155 om.
2174 3100 2226 3154 V

309 3177 375 3225 15
415 3171 515 3241 μὲν
551 3172 614 3226 τὸ
652 3172 704 3226 V
782 3170 997 3234 τελείως
1040 3174 1155 3227 ΒΓ
1237 3176 1385 3229 διακ.
1430 3174 1536 3245 χρὴ
1580 3170 1634 3228 V
1778 3179 1844 3235 16
1899 3192 1959 3228 τε
2000 3173 2134 3241 post
2177 3171 2340 3244 φλέψ

312 3260 419 3297 om.
459 3243 504 3296 B
578 3240 780 3312 παχείῃ
807 3244 852 3296 Β
998 3250 1064 3297 17
1101 3246 1200 3298 καὶ
1236 3245 1447 3310 ἔξωθεν
1482 3263 1586 3314 pro
1617 3245 1704 3299 ὄπ.
1742 3265 1801 3299 τε
1829 3244 1907 3312 V3
1943 3243 2089 3297 illud
2123 3244 2348 3312 probat

309 3314 430 3367 Gal.
461 3313 520 3366 in
560 3330 756 3366 comm.
793 3332 848 3382 p.
890 3319 1016 3381 388,
1066 3332 1191 3369 cum
1231 3317 1393 3370 dicit:
1443 3318 1546 3371 οὐκ
1584 3317 1772 3385 ὀρθῶς
1817 3316 1882 3371 δὲ
1928 3314 1988 3372 ἐν
2023 3324 2144 3377 τοῖς
2178 3314 2343 3370 πλεί-

307 3402 457 3446 στοις
491 3392 604 3438 τῶν
640 3383 1004 3453 ἀντιγράφων
1040 3385 1076 3454 ἡ
1114 3386 1259 3451 λέξις
1296 3387 1472 3449 οὕτως
1507 3387 1814 3459 γέγραπται
1851 3384 2121 3457 ὀπισθίην
2157 3406 2219 3441 τε
2261 3382 2344 3441 αὖ

305 3455 477 3526 ἄλλην
516 3452 757 3525 ἐσχάρην
901 3461 966 3509 18
1005 3453 1153 3511 εἶναι
1188 3458 1355 3524 ΒῑΓ,
1393 3460 1502 3514 ἔνθ
1537 3460 1797 3528 praefixit
1832 3458 1906 3512 B*
