2588 3876
378 131 503 195 126
872 134 1048 184 ΠΕΡΙ
1082 132 1376 184 ΑΡΘΡΩΝ
1407 133 1768 184 ΕΜΒΟΛΗΣ
1807 134 1873 184 10

509 293 608 358 10.
658 295 1026 359 Γινώσκειν
1072 294 1147 358 δὲ
1192 295 1251 358 εἰ
1299 292 1711 358 ἐκπέπτωκεν
1755 293 1792 359 ὁ
1839 295 2134 378 βραχίων
2188 295 2406 358 τοισί-

373 402 448 465 δε
509 403 632 488 χρὴ
693 411 868 465 τοῖσι
932 402 1289 492 σημείοισι·
1363 409 1559 465 τοῦτο
1623 399 1776 484 μέν,
1840 398 2066 484 ἐπειδὴ
2132 401 2407 465 δίκαιον

371 505 600 591 ἔχουσι
646 509 719 572 τὸ
765 518 951 588 σῶμα
998 508 1063 571 οἱ
1118 508 1469 593 ἄνθρωποι
1529 508 1639 571 καὶ
1698 508 1814 583 τὰς
1875 517 2099 592 χεῖρας
2150 508 2263 572 καὶ
2323 509 2407 573 τὰ

369 612 626 697 σκέλεα,
687 614 1165 698 παραδείγματι
1210 619 1502 696 χρῆσθαι
1564 613 1667 678 δεῖ
1724 620 1817 701 τῷ
1874 613 2052 697 ὑγιεῖ
2103 614 2274 700 πρὸς
2325 615 2402 680 τὸ

310 745 337 784 ο
365 722 453 804 μὴ
499 715 685 801 ὑγιὲς
718 720 826 784 καὶ
863 726 954 806 τῷ
991 722 1078 804 μὴ
1124 719 1304 802 ὑγιεῖ
1347 720 1515 803 πρὸς
1559 720 1634 785 τὸ
1678 718 1895 803 ὑγιές,
1950 721 2038 804 μὴ
2074 722 2154 785 τὰ
2198 719 2403 787 ἀλλό-

365 849 514 912 τρια
571 828 794 910 ἄρθρα
849 832 1244 911 καθορῶντα
1298 864 1374 871 -
1426 827 1616 890 ἄλλοι
1680 827 1806 912 γὰρ
1862 827 2085 892 ἄλλων
2136 834 2402 912 μᾶλλον

364 931 682 1018 ἕξαρθροι
719 934 1051 1018 πεφύκασι
1101 970 1216 1015 -,
1263 932 1429 997 ἀλλὰ
1473 934 1554 997 τὰ
1600 933 1809 997 αὐτοῦ
1844 942 1965 998 τοῦ
2001 934 2397 1020 κάμνοντος,

364 1040 448 1124 ἢν
493 1039 813 1125 ἀνόμοιον
858 1033 900 1126 ᾗ
945 1040 1019 1104 τὸ
1075 1039 1260 1122 ὑγιὲς
1313 1046 1405 1125 τῷ
1459 1039 1799 1124 κάμνοντι.
1889 1039 2010 1105 καὶ-
2053 1049 2252 1106 τοῦτο
2305 1048 2396 1106 εἴ-

366 1171 556 1231 ρηται
600 1147 724 1230 μὲν
777 1145 1030 1233 ὀρθῶς,
1083 1146 1540 1232 παρασύνεσιν
1587 1146 1663 1210 δὲ
1717 1148 1851 1231 ἔχει
1903 1148 2082 1213 πάνυ
2137 1150 2395 1233 πολλὴν

288 1276 340 1316 10
369 1255 478 1318 διὰ
524 1256 602 1318 τὰ
647 1262 950 1337 τοιαῦτα,
1015 1251 1125 1317 καὶ
1190 1252 1313 1317 οὐκ
1369 1252 1555 1336 ἀρκεῖ
1598 1261 1857 1336 μοῦνον
1911 1255 2086 1341 λόγῳ
2142 1253 2392 1320 εἰδέναι

361 1362 608 1443 ταύτην
653 1362 773 1443 τὴν
818 1358 1085 1444 τέχνην,
1145 1358 1312 1423 ἀλλὰ
1365 1360 1475 1424 καὶ
1529 1359 1747 1445 ὁμιλίῃ
1804 1359 2087 1444 ὁμιλεῖν·
2151 1363 2389 1427 πολλοὶ

361 1468 488 1553 γὰρ
551 1467 683 1531 ὑπὸ
749 1467 994 1550 ὀδύνης
1039 1464 1080 1549 ἢ
1124 1466 1236 1531 καὶ
1298 1465 1431 1531 ὑπὸ
1498 1464 1766 1548 ἄλλοίης
1827 1468 2201 1551 προφάσιος
2263 1469 2387 1534 οὐκ

360 1570 766 1650 ἐξεστεώτων
809 1573 1070 1638 αὐτοῖσι
1115 1584 1249 1638 τῶν
1296 1574 1573 1657 ἄρθρων
1628 1571 1802 1656 ὅμως
1861 1573 1942 1637 οὐ
2002 1574 2326 1639 δύνανται
2373 1572 2383 1663 Ι

258 1691 359 1740 104
380 1679 445 1756 ἐς
471 1682 553 1745 τὰ
591 1681 787 1761 ὅμοια
826 1682 1120 1764 σχήματα
1153 1679 1583 1762 καθεστάναι,
1622 1678 1689 1755 ἐς
1727 1670 1960 1764 οἷάπερ
1996 1679 2072 1744 τὸ
2100 1679 2386 1765 ὑγιηρὸν

281 1815 332 1856 1⁵
362 1797 548 1872 σῶμα
593 1789 1068 1871 σχηματίζεται·
1123 1784 1602 1872 προσσυνιέναι
1648 1786 1772 1870 μὲν
1818 1781 1944 1851 οὖν
1978 1788 2090 1851 καὶ
2126 1786 2384 1853 ἐννοεῖν

362 1895 472 1960 καὶ
526 1895 600 1960 τὸ
666 1894 927 1960 τοιόνδε
994 1903 1206 1978 σχῆμα
1269 1895 1411 1979 χρή.
1502 1891 1667 1980 ἀτὰρ
1731 1902 1928 1959 τοῦτο
1991 1892 2116 1978 μὲν
2179 1892 2253 1960 ἐν
2306 1903 2381 1980 τῇ

361 2002 656 2085 μασχάλῃ
704 2001 745 2085 ἡ
790 2002 1041 2084 κεφαλὴ
1095 2008 1216 2065 τοῦ
1273 2002 1630 2086 βραχίονος
1684 2002 1989 2084 φαίνεται
2043 1999 2378 2087 ἐγκειμένη

360 2111 583 2194 πολλῷ
612 2111 868 2190 μᾶλλον
912 2116 1033 2171 τοῦ
1080 2106 1571 2183 ε’κπεπτωκότος
1617 2107 1658 2191 ἢ
1701 2116 1824 2172 τοῦ
1878 2105 2132 2191 ὑγιέος,
2186 2117 2378 2172 τοῦτο

361 2209 436 2278 δὲ
481 2215 749 2278 ἄνωθεν
794 2214 958 2278 κατὰ
1002 2215 1125 2297 τὴν
1171 2212 1467 2295 ἐπωμίδα
1512 2217 1744 2278 κοῖλον
1790 2216 2098 2297 φαίνεται
2144 2215 2218 2278 τὸ
2257 2238 2379 2298 χω-

277 2349 332 2389 20
360 2322 541 2403 ρίον·
601 2317 711 2384 καὶ
769 2321 843 2384 τὸ
904 2327 1025 2384 τοῦ
1086 2319 1426 2404 ἀκρωμίου
1491 2318 1723 2384 ὀστέον
1775 2317 2007 2404 ἔξοχον
2054 2322 2375 2404 φαίνεται,

502 2447 530 2494 1
568 2449 711 2495 τοῖσι
748 2440 810 2496 δὲ
847 2441 1046 2507 BMV,
1082 2442 1267 2496 τοῖσδε
1305 2441 1466 2494 ΓΑ.
1595 2447 1626 2493 2
1663 2440 1883 2502 τούτοις
1916 2441 2021 2510 ΑΡ.
2155 2447 2186 2494 3
2224 2441 2374 2527 ἔχου-

359 2530 448 2568 σιν
487 2516 540 2566 Γ
642 2519 675 2566 4
712 2511 863 2584 χρέε-
901 2512 1021 2566 MV
1094 2515 1184 2566 δεῖ
1207 2529 1314 2566 om.
1345 2512 1404 2564 M
1564 2532 1632 2580 ρη
1668 2529 1770 2581 pro
1810 2515 1901 2566 δεῖ
1932 2511 2038 2581 Ap.
2153 2519 2201 2566 4.
2240 2518 2270 2566 5
2302 2513 2380 2585 τῷ

357 2657 506 2724 ὑγιεῖ
537 2673 629 2724 πρ.
666 2659 746 2730 τῷ
773 2655 923 2724 ὑγιεῖ
953 2654 1017 2708 τὸ
1055 2654 1127 2723 μὴ
1164 2654 1318 2723 ὑγιὲς
1353 2653 1436 2723 (τὸ
1464 2603 1616 2723 ὑγιὲς
1641 2653 1713 2724 V)
1750 2671 1843 2722 πρ.
1870 2653 1934 2707 τὸ
1963 2652 2063 2742 μὴ·Ι
2076 2652 2232 2723 ὑγιὲς
2255 2650 2369 2706 MV

462 2725 535 2795 μὴ
564 2727 696 2795 post
710 2709 784 2780 τὸ
813 2743 919 2779 om.
950 2727 1054 2795 Ap.
1129 2724 1192 2779 τὸ
1222 2724 1338 2795 μ.ὴ
1417 2743 1501 2779 ,π
1503 2724 1599 2814 pb9
1627 2741 1732 2778 om.
1756 2727 1809 2777 Γ
1874 2724 1972 2778 καὶ
1997 2727 2109 2798 τῷ.
2144 2767 2155 2779 .
2189 2726 2263 2780 ,ὑ
2265 2722 2370 2793 γιὲς

357 2814 463 2850 om.
494 2796 654 2936 ΒᾸᾸΡΡ.
730 2794 858 2866 μήτ’
897 2814 999 2889 pro
1037 2795 1109 2866 μὴ
1146 2795 1217 2850 τὰ
1222 2745 1390 2862 μΜῩ,
1417 2745 1532 2886 μήρ
1537 2793 1592 2849 τ’
1632 2798 1686 2849 Γ
1789 2800 1820 2848 6
1858 2780 2054 2857 ἄλλως
2057 2814 2162 2865 pro
2201 2796 2366 2850 ἄλλων

355 2867 581 2958 μᾶλλ.Α
579 2885 634 2936 Ρ.
712 2873 742 2921 ’1
770 2867 1256 2937 wsmaessuoeowVM²
1311 2867 1491 2921 ἀλλα.
1525 2908 1536 2921 .
1570 2887 1772 2958 ,namu
1804 2883 1910 2921 om.
1931 2870 1985 2921 Γ
2041 2866 2116 2921 τα
2145 2885 2249 2922 om.
2268 2866 2362 2934 Ap.

427 2933 535 3010 8ᾖ
563 2955 668 2992 om.
698 2939 762 3007 Β,
802 2939 863 3012 ἔῃ
891 2939 1013 2993 MV
1082 2943 1162 3013 τῷ
1180 2937 1253 3008 μὴ
1282 2939 1432 3008 ’ὑγιεῖ
1461 2955 1564 3007 pro
1592 2942 1672 3010 τῷ
1689 2937 1852 3007 κάμν.
1884 2939 1988 3006 Ap.
2102 2943 2135 2991 9
2174 2936 2362 3005 παραξ.

356 3009 474 3062 MV
585 3014 651 3061 10
689 3009 829 3063 διὰ.
909 3009 1020 3078 .μὸ
1023 3013 1089 3064 ιλ.
1119 3027 1228 3065 om.
1258 3013 1314 3062 Γ
1378 3007 1565 3078 ἀρκέει
1593 2993 1753 3063 codd.
1867 3014 1931 3062 11
1959 3007 2064 3078 τὴν
2092 3029 2139 3064 τ.
2168 3009 2363 3075 ταύτην

355 3078 430 3146 M,
459 3098 505 3137 τ.
534 3080 765 3149 τοιαύτη
768 3101 802 3134 ν
827 3100 873 3134 τ.
904 3053 956 3134 V
984 3031 1215 3150 μόμιλέη
1219 3101 1253 3135 ν
1280 3081 1345 3148 Β,
1374 3079 1515 3136 -έειν
1542 3081 1648 3135 cet.
1762 3085 1827 3132 12
1857 3080 2101 3135 alterum
2127 3081 2237 3134 ὑπὸ
2264 3095 2361 3133 om.

356 3150 423 3218 V,
461 3147 563 3203 ὑπ’
603 3150 664 3203 Μ
746 3154 992 3219 αλλοιησι
1020 3151 1084 3218 Β,
1122 3167 1190 3205 ex
1227 3168 1330 3205 em.
1363 3154 1417 3205 Γ
1519 3157 1585 3204 13
1624 3151 1901 3206 ἑστεώτων
1928 3150 1981 3204 V
2054 3150 2298 3206 αὐτέοισι
2320 3148 2361 3201 Β

447 3226 514 3275 14
550 3221 897 3276 καθιστάναι
923 3222 1104 3276 ΒΜΓ
1169 3218 1404 3293 οῖάΞπερ
1435 3222 1493 3275 Μ
1568 3223 1827 3291 ὑγιαῖνον
1856 3222 1977 3275 MV
2087 3228 2155 3277 15
2183 3219 2357 3289 προσξ.

355 3291 477 3346 MV
546 3290 986 3357 προσσυνιέναι.
1018 3334 1031 3345 .
1064 3292 1254 3347 ,κάτω
1292 3289 1497 3364 χωρίον
1534 3296 1678 3362 (127,
1701 3295 1751 3363 1)
1790 3311 1897 3347 om.
1928 3296 1982 3346 Γ
2049 3293 2114 3348 δὲ
2150 3295 2240 3347 δεῖ
2267 3306 2358 3360 pro

356 3362 458 3431 μὲν
485 3360 597 3413 MV
744 3365 809 3413 16
847 3361 949 3431 χρὴ
988 3379 1093 3416 om.
1133 3363 1185 3417 V
1272 3372 1435 3418 τοῦτο
1473 3364 1573 3432 μὲν
1610 3364 1657 3417 Β
1695 3366 1752 3417 et
1787 3364 1891 3432 Ap.
1906 3404 1921 3430 ,
1958 3364 2057 3417 καὶ
2091 3381 2195 3434 pro
2229 3383 2274 3417 τ.
2309 3381 2354 3430 μ.

356 3431 454 3484 rel.
567 3435 633 3483 18
670 3432 800 3497 post
835 3434 986 3499 μᾶλλ.
1026 3432 1154 3486 add.
1193 3431 1229 3500 ἡ
1266 3433 1415 3487 Erm.
1529 3440 1594 3487 19
1634 3435 1747 3489 ἐπω
1749 3432 1841 3502 μίς
1874 3434 1962 3487 tit.
2001 3434 2061 3487 M
2171 3439 2237 3487 20
2271 3431 2356 3487 καὶ

355 3510 455 3555 τοῦ
493 3501 547 3554 ἀ.
585 3500 649 3553 τὸ
690 3499 734 3554 ὁ
773 3501 876 3570 ΑΡ.
951 3499 1167 3571 ἀκρωμί
1202 3504 1239 3556 i.
1279 3521 1352 3556 m.
1391 3504 1450 3556 M
1523 3505 1663 3577 ἔξοχ.
1702 3505 1891 3573 BAp.,
1931 3503 2119 3575 ἐξέχον
2157 3505 2248 3558 rel.
