2588 3876
355 157 487 221 272
1053 158 1451 210 ΜοΧΛιΚοΝ
1489 160 1573 208 41.
1605 160 1671 209 42

355 321 465 385 καὶ
501 321 589 404 μὴ
628 318 1246 405 ἑπνθεραπευθέντα
1278 320 1564 402 μάλιστα
1592 314 1779 396 αὖτις
1802 317 2118 385 ἐκπίπτει.
2193 341 2393 383 κατα·

356 429 600 492 τείνειν
645 424 720 490 ἐν
766 430 1042 511 σχήματι
1088 427 1391 514 τοιούτῳ,
1436 425 1511 493 έν
1558 419 1612 514 ᾦ
1647 426 1931 507 μάλιστα
1974 426 2393 512 ὑπεραιωρη-

358 535 673 617 θήσεται,
738 535 1183 615 σκεπτόμενον
1240 532 1308 610 ἐς
1362 535 1485 618 τὴν
1540 534 1752 617 φύσιν
1804 532 1915 598 καὶ
1978 534 2097 601 τὸν
2161 535 2391 617 τόπον,

356 630 398 724 ᾗ
444 637 652 723 ἐξέβη.
744 642 1130 725 διόρθωσις·
1189 640 1398 706 ὀπίσω
1455 639 1523 718 ἐς
1569 639 1784 726 ὀρθὸν
1828 639 1946 705 παὶ
1991 639 2061 717 ἐς
2104 640 2392 722 πλάγιον

253 762 359 812 392
380 753 752 832 παρωθεῑν·
817 748 897 811 τὰ
961 743 1034 813 δὲ
1096 746 1341 831 ταχέως
1389 745 1398 834 Ι
1448 746 1942 813 άντισπάσαντα
1988 746 2392 812 ἀντισπάσαι

303 880 330 919 ε
357 852 620 937 ταχέως,
656 846 700 939 ᾖ
728 854 832 918 δεῖ
858 851 930 918 ἐκ
957 863 1389 939 περιαγωγῆς.
1462 855 1544 918 τὰ
1570 854 1949 931 πλειστάκις
1986 851 2391 919 ἐκπίπτοντα

357 961 551 1045 ρήιον
614 958 940 1042 ἐμπίπτει·
1022 967 1238 1026 αἴτιον
1316 960 1505 1036 λύσις
1565 959 1606 1043 ἢ
1673 961 1933 1046 νεύρων
2002 960 2043 1044 ἢ
2114 959 2390 1043 ὀστέων,

356 1067 619 1150 νεύρων
680 1064 805 1148 μὲν
865 1077 1073 1151 μῆκος
1135 1067 1176 1151 ἦ
1239 1065 1566 1151 ἐπίδοσις,
1643 1065 1894 1132 ὀστέων
1958 1067 2035 1132 δὲ
2105 1069 2393 1150 κοτύλης

358 1173 700 1257 ὁμαλότης,
753 1178 1045 1259 κεφαλῆς
1080 1176 1513 1260 φαλακρότης.
1595 1175 1669 1238 τὸ
1708 1175 1868 1250 ἔθος
1903 1176 2138 1259 τρίβον
2183 1183 2389 1238 ποιεῖ·

278 1307 330 1346 10
359 1281 533 1364 αἰτίη
606 1279 716 1345 καὶ
785 1280 1006 1365 σχέσις
1068 1280 1177 1345 καὶ
1243 1278 1374 1358 ἕξις
1427 1279 1536 1346 καὶ
1582 1281 1820 1364 ἡλικίη.
1911 1281 1986 1345 τὸ
2042 1278 2392 1362 ὑπόμυξον

362 1386 845 1472 ἀφλέγμαντον.

492 1493 599 1559 42.
676 1486 877 1559 Οἷσιν
939 1493 1131 1559 ἕλκεα
1202 1492 1465 1577 ἐγένετο
1539 1494 1580 1578 ἢ
1652 1494 1889 1559 αὐτίκα
1962 1493 2060 1578 [ἢ]
2136 1493 2393 1559 ὀστέων

357 1597 754 1683 ἐξισχόντων
806 1600 846 1684 ἢ
896 1603 1117 1667 ἔπειτα
1161 1600 1201 1684 ἢ
1248 1612 1564 1684 κνησμῶν
1608 1601 1649 1685 ἦ
1694 1612 2121 1685 τρηχυσμῶν,
2182 1611 2392 1666 ταῦτα

357 1703 481 1787 μὲν
526 1707 609 1791 ἢν
655 1714 892 1794 αἴσθῃ,
952 1706 1206 1785 εὐθέως
1266 1709 1472 1784 λύσας
1528 1709 1860 1793 πισσηρὴν
1913 1706 2022 1772 ἐπὶ
2076 1707 2150 1772 τὸ
2199 1707 2393 1784 ἕλκος

279 1838 331 1880 15
360 1811 645 1898 ἐπιθείς,
700 1813 955 1880 ἐπιδεῖν
1009 1815 1098 1891 ὡς
1153 1812 1258 1880 ἐπὶ
1315 1815 1389 1879 τὸ
1446 1813 1633 1891 ἕλκος
1686 1825 1950 1899 πρῶτον
2005 1815 2129 1897 τὴν
2177 1814 2393 1899 ἀρχὴν

358 1922 783 2005 βαλλόμενος,
829 1922 938 1987 καὶ
983 1924 1188 1987 τᾶλλα
1232 1923 1322 1999 ὡς
1359 1910 1442 1987 ού
1477 1923 1679 2007 ταύτῃ
1718 1930 1837 1987 τοῦ
1876 1923 2096 1998 σίνεος
2131 1920 2392 1999 ἐόντος·

359 2027 534 2096 οὕτω
562 2030 688 2114 γὰρ
718 2030 880 2094 αὐτό
915 2052 984 2094 τε
1025 2031 1414 2114 ἰσχνότατον
1448 2030 1559 2093 καὶ
1594 2027 1906 2112 ἐκπυήσει
1942 2026 2052 2093 καὶ
2080 2029 2204 2112 <vok
2233 2046 2393 2111 σαρ-

358 2135 512 2217 κία)
539 2136 812 2219 τάχιστα
846 2135 955 2201 καὶ
991 2133 1450 2222 περιρρήξεται
1485 2134 1597 2200 καὶ
1637 2133 2071 2220 καθαρθέντα
2112 2136 2387 2219 τάχιστα

360 2241 669 2324 φύσεται·
715 2243 1056 2328 νάρθηκας
1094 2239 1167 2307 δὲ
1202 2247 1364 2326 μήτε
1402 2240 1542 2307 κατ’
1589 2242 1751 2308 αὐτὸ
1788 2251 1985 2307 τοῦτο
2021 2243 2388 2327 προσάγειν

278 2374 332 2416 20
359 2351 519 2432 μήτε
544 2347 815 2428 πιέζειν·
852 2349 963 2414 καὶ
991 2344 1085 2415 ὧν
1115 2348 1312 2415 ὀστέα
1338 2351 1427 2433 μὴ
1451 2349 1703 2432 μεγάλα
1732 2351 2020 2430 ἄπεισιν,
2045 2348 2390 2426 ὡσαύτως·

503 2547 532 2594 1
585 2537 743 2603 αὖτις
777 2542 853 2609 Μ,
892 2538 1065 2604 αὖθις
1098 2542 1196 2595 rel.
1345 2548 1376 2594 2
1423 2539 1709 2596 τοιουτέου
1757 2541 1947 2607 codd,
2003 2539 2133 2596 -τέω
2182 2542 2390 2596 Aemil.

358 2612 584 2680 Portae,
622 2612 889 2678 editorem
929 2612 1128 2682 scripsi
1163 2612 1400 2686 τοιούτῳ
1535 2618 1565 2665 3
1606 2630 1789 2667 σκεπτ.
1828 2612 1887 2665 Μ
1923 2596 2126 2666 ΑοηιίῙ.
2165 2612 2390 2678 Pol-tue,

359 2683 629 2750 editoreS,
694 2683 920 2753 σκεπόμ.
977 2685 1081 2739 cot.
1140 2685 1301 2739 codd.
1447 2691 1483 2738 4
1535 2683 1789 2754 πλάγιον
1838 2682 2184 2752 παρωθέντα
2232 2684 2388 2754 vulg.

434 2760 465 2808 5
504 2772 619 2822 παρ
614 2706 906 2809 «πεισθένταμ
915 2756 999 2822 Μ,
1036 2759 1418 2823 παρωθεῦντα
1444 2755 1670 2821 Portus,
1708 2757 2029 2822 παρωθεῖν·
2069 2754 2141 2809 τὰ
2178 2755 2312 2808 Litt.

360 2831 407 2879 5.
440 2831 472 2879 6
527 2823 737 2897 ταχέως
787 2825 995 2897 ταχέως
1039 2826 1522 2882 διαντισπάσαντα
1557 2826 1968 2894 ἀντισπᾶσαιή
2008 2830 2100 2881 δεῖ
2135 2826 2194 2881 ἐκ
2230 2845 2287 2879 π.
2326 2825 2392 2879 Μ

501 2897 538 2966 ἠ
594 2900 686 2952 δεῖ
717 2896 803 2965 Μ,
858 2898 894 2967 ἠ
949 2898 1021 2968 δὴ
1069 2899 1175 2953 cet.
1230 2898 1420 2964 codd,
1466 2896 1574 2965 ἤδη
1621 2897 1805 3021 FMooS„
1852 2896 1978 2951 cdd.
2156 2902 2184 2949 7
2223 2893 2394 2987 (δήιον

360 2967 585 3036 scripsi,
625 2964 766 3038 ῤ’ἅον
809 2969 968 3023 codd.
1107 2968 1214 3023 αἴτ.
1254 2973 1314 3039 (α
1349 2970 1413 3023 in
1446 2971 1577 3037 ras)
1826 2967 1984 3031 νύσις
2019 2967 2116 3021 vul
2226 2966 2397 3038 Ξύσις

359 3037 443 3105 Μ,
499 3038 656 3105 νύξις
688 3039 765 3106 D,
819 3041 974 3105 λύσις
1017 3040 1203 3108 Εοθ8.,
1258 3041 1428 3110 φύσις
1476 3040 1638 3107 Litt,
1622 2967 1878 3103 Μνεῢσις
1921 3038 2050 3107 Pq„
2108 2985 2265 3104 ἕψε·ἐ
2255 3038 2393 3093 Wb.

502 3114 536 3163 8
581 3110 780 3179 μήκιος
832 3111 1198 3181 ηέπιὸόσιος
1250 3110 1430 3182 vulg„
1484 3111 1640 3166 Focs.
1686 3110 1990 3181 legendum
2037 3111 2231 3164 conset
2287 3118 2399 3180 μῆ-

359 3200 460 3243 κος
517 3182 577 3235 ct
632 3132 880 3246 {aldoenus
1031 3189 1062 3236 9
1117 3181 1302 3237 ποιέει
1347 3182 1508 3238 codd
1657 3189 1721 3236 11
1778 3179 2132 3250 ἀφλέγματον
2183 3181 2245 3233 Μ

363 3247 502 3319 12ἢ
540 3250 781 3306 alterum
816 3254 939 3322 ipso
973 3253 1134 3308 uncis
1171 3254 1376 3308 inclusi
1512 3258 1577 3307 15
1617 3253 1985 3315 ἐπιτιθεὶςΜ
2124 3258 2190 3306 17
2230 3272 2293 3307 τε
2334 3252 2396 3305 Μ

363 3321 516 3375 Parr.
548 3321 742 3375 decem
777 3324 930 3391 Litt„
966 3325 1030 3379 τὸ
1059 3324 1207 3395 vulg
1320 3325 1583 3393 ἐκπυήσει
1610 3324 1741 3378 Litt.
1773 3323 1864 3394 (cf.
1893 3323 2088 3392 περὶά
2125 3345 2180 3392 μ..
2211 3341 2257 3378 c.
2265 3327 2397 3449 1226),

368 3390 587 3446 ἐκπέσει
624 3392 722 3445 καὶ
775 3394 859 3460 Μ,
916 3394 1120 3483 ἐκπέσῃ
1156 3396 1306 3463 vulg.
1447 3396 1517 3450 τὰ
1563 3393 1767 3464 σαρκια
1812 3395 1994 3465 suppl.
2047 3344 2264 3450 *doc

363 3478 418 3583 Ξ.
450 3467 517 3516 85
577 3532 618 3584 t.
648 3467 713 3513 19
750 3464 1055 3535 προσάγειν
1093 3482 1198 3519 om.
1237 3466 1322 3533 Μ,
1362 3468 1628 3521 exhibent
1664 3469 1767 3522 cet.
1907 3472 1974 3520 20
2011 3466 2279 3528 ὡσαύτως
2265 3395 2396 3533 fM,

400 3550 472 3585 m.
513 3548 576 3586 ce
2280 3575 2285 3580 ·
