2588 3876
334 134 460 201 116
816 137 990 187 ΠΕΡΙ
1024 134 1315 188 ΑΡΘΡΩΝ
1351 135 1709 186 ΕΜΒΟΑΗΣ
1746 138 1794 185 4.
1826 138 1857 186 5
1917 135 1924 142 ’

330 299 621 380 λαβόντα
668 292 741 361 δὲ
786 297 908 380 τὴν
953 307 1137 381 χεῖρα
1172 296 1531 362 ὑποθεῖναι
1568 299 1688 363 τὸν
1724 292 1904 378 ὦμον
1940 299 2060 362 τὸν
2098 294 2351 361 ἑωυτοῦ

223 420 292 468 86
329 403 459 469 ὑπὸ
505 403 628 486 τὴν
680 403 1023 487 μασχάλην
1076 400 1266 485 ὀξύν,
1326 401 1624 487 κᾶίπειτα
1667 401 2079 490 ὑποστρέψαι
2125 404 2214 480 ὥς
2266 401 2356 468 ἂν

330 508 614 593 ἐνίζηται
681 508 869 594 ἕδρῃ,
942 510 1114 574 οὕτω
1190 510 1680 593 στοχασάμενον
1753 510 1927 586 ὅπως
1998 509 2169 594 ἀμφὶ
2232 512 2356 575 τὸν

331 613 513 699 ὦμον
566 618 687 682 τὸν
741 614 992 681 ἑωυτοῦ
1047 616 1368 700 κρεμάσαι
1420 619 1542 682 τὸν
1595 617 1960 702 ἄνθρωπον
2012 618 2175 681 κατὰ
2229 618 2357 700 τὴν

278 749 303 789 ⁵
331 723 701 807 μασχάλην·
776 723 973 799 αὐτὸς
1028 719 1102 787 δὲ
1165 721 1419 788 ἑωυτὸν
1477 723 1887 810 ὑψηλότερον
1950 722 2057 788 ἐπὶ
2112 732 2357 788 τοῦτον

330 832 451 895 τὸν
505 825 686 911 ὦμον
737 833 1004 904 ποιείτω
1050 828 1091 913 ἢ
1138 828 1242 893 ἐπὶ
1303 832 1424 895 τὸν
1484 828 1742 912 ἕτερον·
1805 839 1925 895 τοῦ
1987 831 2060 895 δὲ
2118 840 2358 915 κρεμα-

330 935 536 1018 μένου
589 937 708 1002 τὸν
770 940 1094 1021 βραχίονα
1155 936 1323 1020 πρὸς
1384 938 1459 1001 τὸ
1501 934 1775 1001 ἑωυτοῦ
1842 943 2089 1020 στῆθος
2149 945 2359 1021 προσ-ἒ

332 1042 741 1126 αναγκαζέτω
815 1044 904 1120 ὡς
973 1044 1283 1125 μάλιστα·
1359 1041 1433 1107 ἐν
1493 1043 1705 1131 τούτῳ
1770 1044 1846 1108 δὲ
1914 1051 2005 1131 τῷ
2075 1046 2359 1128 σχήματι

330 1149 880 1236 προσανασειέτω,
927 1137 1086 1214 ὅταν
1130 1153 1490 1235 μετεωρίσῃ
1529 1151 1648 1215 τὸν
1685 1151 2068 1235 ἄνθρωπον,
2115 1151 2203 1227 ὡς
2238 1148 2359 1214 ἀν-

253 1284 306 1324 10
332 1255 604 1341 τιρρέπῃ
669 1259 744 1322 τὸ
810 1257 970 1320 ἄλλο
1039 1267 1221 1337 σῶμα
1284 1256 1463 1342 αὐτῷ
1531 1254 1761 1321 ἀντίον
1822 1264 1942 1322 τοῦ
2000 1259 2363 1341 βραχίονος

330 1372 451 1428 τοῦ
508 1362 945 1446 κατεχομένου
963 1382 977 1396 ·
1041 1361 1126 1445 ἢν
1186 1363 1259 1428 δὲ
1319 1364 1491 1446 ἄγαν
1552 1372 1807 1447 κοῦφος
1867 1355 1912 1447 ᾗ
1965 1364 2361 1450 ὥνθρωπος,

331 1467 468 1533 και
500 1473 1182 1554 προσεκκρεμασθήτω
1243 1471 1531 1534 ὄπισθεν
1589 1479 1844 1554 κοῦφος
1901 1480 2068 1546 παῖς.
2160 1465 2364 1535 αὗται

334 1572 407 1640 δὲ
455 1576 521 1640 αἱ
570 1574 844 1660 ἐμβολαὶ
881 1586 1086 1641 πᾶσαι
1121 1576 1288 1640 κατὰ
1323 1579 1734 1660 παλαίστρην
1771 1577 2124 1660 εὔχρηστοί
2158 1578 2359 1660 εἰσιν,

333 1682 435 1747 ὅτι
495 1681 700 1748 οὐδὲν
758 1681 1047 1748 ἀλλοίων
1106 1681 1412 1767 ἀρμένων
1479 1682 1743 1747 δέονται
1812 1681 2361 1767 ἐπεσενεχθῆναι·

253 1815 303 1856 15
332 1793 645 1874 χρήσαιτο
695 1787 756 1854 ‹5’
810 1791 895 1854 ἄν
941 1813 1040 1866 τις
1085 1788 1194 1853 καὶ
1240 1789 1501 1854 ἄλλοθι.
2164 1801 2170 1810 ’

467 1895 527 1961 5.
566 1894 760 1981 Ἀτὰρ
808 1894 917 1961 καὶ
965 1898 1029 1961 οἱ
1075 1894 1228 1982 περὶ
1272 1897 1354 1960 τὰ
1397 1895 1610 1982 ὕπερα
1645 1895 2119 1980 ἀναγκάζοντες
2157 1895 2362 1979 ἐγγύς

333 2026 396 2067 τι
441 2011 563 2068 τοῦ
608 2004 774 2067 κατὰ
827 2003 1037 2087 φύσιν
1083 2002 1518 2087 ἐμβάλλουσι·
1582 2004 1703 2088 χρὴ
1759 1999 1831 2067 δὲ
1886 2004 1960 2068 τὸ
2017 1999 2140 2085 μὲν
2192 2003 2357 2068 ὕπε-

334 2131 458 2195 ρον
520 2110 931 2192 κατειλίχθαι
992 2112 1213 2199 ταινίῃ
1258 2147 1348 2156 —-
1392 2105 1604 2193 ἧσσον
1657 2112 1783 2195 γὰρ
1842 2108 1928 2174 ἂν
1981 2110 2362 2175 ὑπολισθά-

334 2238 443 2279 νοι
490 2251 608 2296 —,
663 2213 1177 2298 ὑπηναγκάσθαι
1233 2216 1309 2281 δὲ
1371 2219 1623 2300 μεσηγὺ
1678 2227 1815 2281 τῶν
1857 2215 2212 2301 πλευρέων
2243 2214 2360 2281 καὶ

332 2443 536 2498 ἄλλοθι
571 2444 637 2512 (c.
668 2449 702 2497 4
740 2445 898 2513 extr.)
937 2460 1042 2497 om.
1082 2447 1135 2497 Γ
1202 2447 1388 2513 μεῖζον
1424 2443 1488 2510 Β,
1525 2441 1687 2513 μείζω
1726 2446 1832 2498 cet.
1917 2439 2065 2499 εἶναι
2101 2444 2205 2515 χρὴ
2244 2443 2364 2497 MV

518 2554 531 2568 .
562 2519 680 2580 115,
703 2519 771 2567 20
793 2547 860 2554 —
883 2520 1001 2581 116,
1027 2520 1054 2567 1
1095 2518 1193 2570 δια
1231 2513 1532 2569 άλλονταΒ
1679 2521 1710 2568 2
1748 2511 1970 2569 κᾶπειτ’
2012 2512 2071 2567 Μ
2145 2514 2359 2583 ἐπιστρ.

330 2586 450 2640 ΒΜ
513 2629 527 2652 ,
564 2587 794 2654 ὑποστρ.
834 2588 937 2639 cet.
978 2586 1138 2640 codd.
1230 2604 1283 2655 p.
1323 2585 1687 2654 ὑποστροφήν
1724 2584 1845 2639 Gal.
1993 2592 2040 2639 2.
2083 2590 2113 2638 3
2170 2584 2365 2654 ὥσπερ

334 2656 505 2722 ἵξεται
541 2658 631 2726 Ap
778 2662 808 2710 3
849 2655 930 2711 ὅκ.
971 2657 1131 2710 codd.
1217 2656 1369 2719 ὅπως
1405 2661 1467 2713 δε
1507 2657 1652 2726 ἀμφὶ
1687 2657 1791 2726 Ap.
1938 2664 1973 2711 4
2009 2665 2209 2726 κρεμᾶι
2247 2657 2361 2727 Ap.

475 2733 507 2781 5
544 2748 603 2783 τε
639 2729 744 2797 Ap.
891 2733 922 2782 6
958 2726 1191 2782 ποιεέτω
1231 2728 1391 2781 codd.
1500 2728 1642 2796 πρὸς
1676 2732 1753 2782 τῶ
1791 2727 1832 2784 ἑ.
1872 2746 1949 2782 στ.
1988 2728 2025 2781 i.
2062 2746 2134 2781 m.
2173 2728 2251 2780 B²

335 2798 396 2854 δὲ
434 2816 540 2852 om.
579 2800 683 2868 Ap.
831 2804 862 2852 9
901 2798 1202 2854 ἀνασειέτω
1240 2800 1346 2868 Ap.
1432 2798 1638 2854 ὁκόταν
1675 2782 1795 2853 MV
1875 2798 2201 2868 μετεωρήσει
2237 2800 2287 2852 Β

333 2904 658 2973 &mmm
695 2905 815 2958 MV
926 2912 991 2960 10
1031 2872 1250 2960 ἐέιντιον
1290 2923 1358 2958 ss.
1396 2905 1473 2958 Β8
1583 2911 1643 2958 11
1686 2906 1747 2976 ἔῃ
1778 2905 1898 2958 MV
2009 2911 2074 2958 12
2110 2907 2209 2959 καὶ
2247 2923 2364 2960 om.

333 2976 392 3028 M
465 2979 596 3030 ante
625 2976 714 3031 ὄπ.
745 2977 874 3030 add.
903 2997 987 3040 τις
1004 2976 1239 3046 MVAp.
1354 2982 1418 3030 13
1448 2972 1512 3031 δὲ
1542 2994 1649 3030 om.
1669 2978 1757 3045 Ap
1830 2976 1936 3030 εἰσι
1963 2976 2024 3029 Μ
2133 2981 2200 3030 14
2227 2977 2368 3032 ἀλο-

333 3044 466 3101 λίων
497 3047 815 3118 ὀργαμενων
844 3048 948 3116 Ap.
1024 3048 1149 3119 ἁρμ.
1180 3048 1239 3100 Μ
1313 3047 1453 3102 ἐπισ.
1483 3048 1544 3113 Β,
1577 3049 1744 3102 ἐπεισ.
1776 3050 1879 3102 oet.
1994 3052 2058 3100 16
2089 3044 2223 3115 ὅπερ
2254 3066 2368 3117 pro

335 3152 477 3220 ἀτὰρ
515 3156 568 3206 Γ
645 3152 699 3206 οἱ
735 3152 796 3206 in
831 3169 957 3207 raso
985 3153 1021 3206 l.
1061 3154 1121 3207 Μ
1210 3141 1352 3224 ὑπὲρ
1390 3155 1462 3223 Β,
1501 3176 1537 3208 α
1575 3173 1644 3207 ss.
1683 3154 1758 3207 Β*3
1863 3172 2189 3224 περιαναγκ.
2230 3153 2370 3211 Gal.

333 3223 410 3278 ib.
541 3228 622 3276 16.
665 3229 729 3276 17
769 3223 932 3294 ἐγγύς
964 3244 1019 3278 τι
1052 3234 1152 3279 τοῦ
1191 3242 1297 3279 om.
1328 3226 1433 3296 Ap.
1456 3229 1513 3280 et
1540 3225 1822 3293 quaedam
1859 3225 2202 3296 antigrapha
2229 3224 2368 3281 Gal.

445 3299 509 3346 17
550 3292 912 3364 ἐμβάλλουσιν
948 3299 1001 3349 Γ
1085 3295 1188 3367 χρὴ
1220 3339 1231 3351 .
1255 3339 1267 3350 .
1290 3305 1513 3367 ,χεῖρας
1549 3299 1622 3366 (p.
1656 3302 1776 3365 117,
1796 3298 1849 3365 9)
1887 3314 1993 3350 om.
2014 3300 2067 3350 Γ
2150 3296 2214 3351 τὸ
2256 3298 2370 3368 μὲν

339 3381 408 3417 ss,
436 3363 513 3417 B⁸
623 3369 690 3417 18
727 3369 1090 3437 κατειλῆχθαι
1118 3367 1177 3419 Μ
1249 3369 1379 3436 post
1404 3366 1593 3440 ταινίῃ
1623 3368 1752 3422 add.
1780 3370 1892 3423 τινὶ
1922 3371 2196 3438 μαλθακῇ·
2215 3368 2369 3436 MV,

337 3452 444 3490 om.
482 3434 571 3500 13¹,
621 3451 692 3486 ss.
729 3435 805 3487 B³
908 3441 1271 3507 κατειληχθαι
1306 3437 1440 3494 τινί·
1481 3434 1653 3506 ἧσσον
1680 3439 1785 3507 Ap.
1943 3443 2025 3492 18.
2068 3444 2132 3492 19
2174 3438 2368 3496 dimo.

336 3506 441 3575 Ap.
592 3510 655 3558 19
695 3506 1134 3577 ὑπηναγκᾶσθαι
1169 3509 1215 3561 Β
1311 3559 1316 3564 .
