2588 3876
555 104 729 154 ΠΕΡΙ
761 103 910 154 ΤΩΝ
944 104 1042 155 ΕΝ
1077 104 1413 155 ΚΕΦΑΛΗΙ
1448 102 1838 154 ΤΡΩΜΑΤΩΝ
1878 106 1941 154 11
2180 101 2263 164 13

236 286 479 330 πτοντι
523 260 633 328 καὶ
678 260 786 328 ἐπὶ
831 265 1372 348 μαλθακώτατον,
1418 258 1627 347 ἧσσον
1670 272 1876 329 ταῦτα
1918 263 2154 348 πάσχει
2187 264 2264 329 τὸ

239 370 482 436 ὀστέον
525 370 569 454 ἢ
613 369 737 434 οὐκ
782 367 868 434 ἂν
911 371 1142 435 πάθοι.
1222 371 1431 436 ὁκόσα
1484 369 1544 434 δ’
1590 370 1992 436 ἐσπίπτοντα
2033 369 2100 447 ἐς
2145 370 2268 453 τὴν

239 479 547 561 κεφαλὴν
588 477 934 560 τιτρώσκει
977 477 1171 560 βέλεα
1215 480 1386 563 πρός
1429 500 1500 542 τε
1543 478 1619 542 τὸ
1667 474 1915 542 ὀστέον
1946 475 2057 542 καὶ
2104 475 2265 541 αὐτὸ

240 586 323 649 τὸ
370 582 625 666 ὀστέον,
670 586 745 648 τὸ
791 583 922 649 ἀπὸ
968 583 1390 667 ὑψηλοτάτου
1436 583 1723 669 ἐμπεσὸν
1767 582 1877 649 καὶ
1922 583 2156 666 ἥκιστα
2200 579 2267 659 ἐξ

245 689 591 771 ἰσοπέδου,
636 687 747 754 καὶ
792 693 1241 774 σκληρότατον
1283 713 1356 754 τε
1391 692 1524 775 ἅμα
1558 688 1669 755 καὶ
1705 690 2124 775 ἀμβλύτατον
2158 687 2270 753 καὶ
2323 719 2349 759 5

246 796 629 880 βαρύτατον
671 793 782 861 καὶ
825 797 1060 879 ἥκιστα
1094 806 1360 880 κοῦφον
1394 795 1504 862 καὶ
1540 798 1774 880 ἥκιστα
1809 795 1927 874 ὀξὺ
1963 795 2074 861 καὶ
2110 801 2271 881 μαλ-

247 904 493 985 θακόν,
548 911 745 967 τοῦτο
792 901 878 968 ἄν
925 903 1138 988 ρήξειε
1181 905 1256 969 τὸ
1306 902 1540 969 ὀστέον
1583 902 1693 969 καὶ
1741 904 2070 987 φλάσειεν.
2159 901 2270 967 καὶ

246 1008 532 1093 μάλιστά
575 1032 650 1091 γε
695 1009 1014 1085 κίνδυνος
1057 1018 1264 1074 ταῦτα
1308 1008 1586 1094 πάσχειν
1618 1010 1694 1074 τὸ
1733 1008 1985 1092 ὀστέον,
2030 1008 2273 1075 ὁκόταν

252 1117 460 1181 ταῦτά
503 1138 577 1180 τε
619 1116 882 1198 γίνηται
935 1113 1046 1179 καὶ
1100 1114 1169 1192 ἐς
1214 1117 1336 1181 ἰθὺ
1395 1123 1623 1202 τρωθῇ
1680 1114 1793 1181 καὶ
1850 1114 1989 1181 κατ’
2042 1115 2274 1180 ἀντίον

250 1222 522 1307 γένηται
566 1224 641 1287 τὸ
691 1220 925 1287 ὀστέον
956 1231 1090 1286 τοῦ
1133 1221 1382 1305 βέλεος,
1427 1225 1513 1306 ἤν
1556 1245 1626 1287 τε
1672 1227 1889 1308 πληγῇ
1935 1220 2010 1287 ἐκ
2054 1222 2273 1306 χειρὸς
2301 1252 2353 1291 10

249 1331 340 1413 ἦν
381 1352 455 1393 τε
499 1330 722 1413 βληθῇ
766 1330 854 1412 ἤν
896 1326 972 1393 τέ
1011 1350 1076 1393 τι
1121 1326 1364 1414 ἐμπέσῃ
1413 1328 1588 1417 αὐτῷ
1630 1326 1742 1394 καὶ
1785 1327 1872 1411 ἢν
1917 1328 2116 1405 αὐτὸς
2160 1353 2273 1394 κα-

250 1435 555 1500 ταπεσὼν
596 1441 827 1520 τρωθῇ
872 1431 982 1498 καὶ
1030 1434 1333 1500 ὁπωσοῦν
1376 1433 1661 1518 τρωθεὶς
1703 1433 1842 1500 κατ’
1893 1434 2124 1500 ἀντίον
2169 1458 2275 1518 γε-

250 1540 544 1626 νομένου
589 1549 711 1606 τοῦ
759 1539 993 1605 ὀστέου
1039 1548 1131 1629 τῷ
1169 1540 1366 1624 βέλει.
1454 1542 1535 1606 τὰ
1590 1540 1650 1604 δ’
1704 1539 1771 1617 ἐς
1824 1540 2108 1624 πλάγιον
2153 1550 2273 1606 τοῦ

253 1647 491 1714 ὀστέου
519 1647 993 1732 παρασύραντα
1017 1646 1213 1729 βέλεα
1238 1642 1458 1731 ἧσσον,
1482 1646 1595 1712 καὶ
1632 1647 1913 1732 ῥήγνυσι
1938 1648 2013 1711 τὸ
2044 1646 2277 1712 ὀστέον

251 1753 365 1819 καὶ
421 1759 563 1840 φλᾷ
615 1742 726 1818 καὶ
779 1751 907 1818 ἔσω
963 1752 1205 1840 ἐσφλᾷ,
1259 1752 1388 1836 κῆν
1431 1759 1700 1840 ψιλωθῇ
1745 1754 1820 1818 τὸ
1876 1752 2108 1818 ὀστέον
2160 1763 2277 1836 τῆς
2303 1781 2355 1822 15

251 1862 517 1945 σαρκός.
589 1857 736 1925 ἔνια
781 1860 857 1925 δὲ
900 1871 1037 1925 τῶν
1078 1861 1438 1947 τρωμάτων
1481 1871 1616 1925 τῶν
1662 1858 1835 1925 οὕτω
1880 1858 2277 1944 τρωθέντων

255 1967 418 2033 οὐδὲ
462 1972 775 2045 ψιλοῦται
819 1968 895 2032 τὸ
944 1966 1176 2033 ὀστέον
1219 1977 1336 2051 τῆς
1381 1970 1640 2052 σαρκός.

398 2077 547 2138 Τῶν
594 2073 670 2138 δὲ
712 2073 962 2156 βελέων
1007 2074 1290 2160 ρ”ήγνυσι
1334 2075 1614 2159 μάλιστα
1658 2076 1733 2140 τὸ
1782 2073 2015 2139 ὀστέον
2056 2073 2172 2149 τάς
2208 2095 2277 2137 τε

256 2180 554 2265 φανερὰς
582 2179 846 2265 ρωγμὰς
872 2178 983 2245 καὶ
1006 2176 1015 2268 Ι
1045 2182 1161 2257 τὰς
1187 2179 1482 2264 ἀφανέας
1507 2179 1618 2245 καὶ.
1647 2185 1785 2267 φλᾷ
1811 2203 1881 2245 τε
1909 2179 2020 2245 καὶ
2047 2179 2259 2266 ἐσφλᾷ
2280 2194 2385 2244 220

255 2283 382 2352 ἔσω
420 2284 496 2352 ἐκ
530 2295 646 2370 τῆς
682 2287 925 2370 φύσιος
959 2296 1076 2370 τῆς
1109 2286 1362 2352 ἑωυτοῦ
1403 2287 1478 2352 τὸ
1519 2285 1752 2352 ὀστέον
1787 2288 1869 2352 τὰ
1904 2287 2280 2372 στρογγύλα
2307 2315 2359 2354 20

255 2416 327 2457 τε
370 2391 484 2457 καὶ
527 2391 889 2477 περιφερέα
931 2390 1043 2458 καὶ
1088 2392 1468 2479 ἄρτίστομα,
1514 2392 1766 2478 ἀμβλέα
1812 2416 1883 2457 τε
1928 2391 2123 2458 ἐόντα
2168 2390 2279 2457 καὶ

402 2626 430 2673 1
472 2617 903 2689 μαλθακότατον
939 2620 1003 2687 Β,
1046 2619 1314 2690 -κώτερον
1350 2620 1402 2674 V
1545 2626 1576 2673 2
1617 2616 1717 2675 ὅσα
1755 2620 1820 2675 δὲ
1855 2619 1907 2673 V
2049 2624 2081 2672 3
2119 2616 2281 2689 βέλεα

256 2690 669 2816 ΞῖςζρώέιζωῪν
748 2766 783 2813 4
809 2691 1070 2817 σέρὸίσέὸν
1095 2690 1151 2814 g
1208 2692 1441 2817 &⁶3⁶3
1474 2689 1631 2815 ffb?
1776 2697 1824 2815 Ξ
1849 2690 2037 2816 ἓπιῖῖῗιὶλ
2059 2689 2208 2813 mavi}
2231 2709 2279 2744 τ’

258 2805 375 2902 ἅμα
413 2849 522 2886 om.
551 2831 603 2884 V
747 2837 778 2885 6
816 2781 1015 2901 &ziani
1047 2851 1106 2887 τε
1142 2804 1239 2886 :cal
1268 2832 1365 2900 ὀξὺ
1393 2832 1445 2885 V
1552 2830 1773 2902 κοῦφόν
1809 2833 1932 2904 [καὶ
1966 2782 2185 2904 ἤκῖιεξτα]
2223 2851 2282 2886 τε

257 2904 357 2958 καὶ
393 2903 495 2969 ὀξὺ
529 2902 675 2957 th.
840 2909 869 2955 7
909 2902 1137 2972 φλάσειε
1171 2902 1224 2956 V
1358 2907 1390 2956 8
1426 2922 1486 2957 τε
1521 2904 1567 2956 Β
1673 2913 1850 2958 ταῦτα
1885 2902 2050 2976 minz.
2084 2923 2132 2958 τ.
2171 2903 2280 2957 ὀστ.

257 2978 403 3030 κινδ.
443 2973 496 3026 V
621 2972 758 3028 ὅταν
794 2974 846 3027 V
988 2980 1019 3028 9
1068 2972 1281 3044 γίνεται
1330 2974 1376 3027 Β
1519 2979 1812 3045 τρωθῆναι
1856 2972 1981 3029 κατ’
2026 2972 2283 3031 ἐναντίον

258 3044 311 3097 V
447 3051 530 3098 10.
563 3050 627 3098 11
664 3044 740 3100 ἄν
774 3064 833 3099 τε
868 3048 1073 3115 πληγηι
1103 3086 1115 3098 .
1138 3087 1148 3098 .
1173 3088 1185 3100 .
1222 3044 1296 3101 ἄν
1333 3064 1390 3100 τε
1420 3047 1628 3117 βληθηι
1663 3047 1709 3099 Β
1855 3052 1919 3099 11
1960 3046 2137 3101 αὐτεω
2165 3045 2211 3098 Β

263 3113 412 3180 ὅπως
439 3112 543 3171 οὖν
571 3114 624 3168 V
749 3121 815 3169 12
852 3115 1068 3186 γένοιτο
1096 3116 1148 3169 V
1284 3122 1350 3170 13
1387 3116 1459 3171 τὰ
1493 3117 1556 3172 δὲ
1591 3115 1754 3188 πλάγ.
1794 3116 1845 3169 Ὺ
1982 3123 2048 3171 15
2086 3116 2286 3185 φλάσει

261 3184 387 3240 εἴσω
426 3186 484 3250 ἐς
518 3185 767 3254 κεφαλήν
802 3204 906 3257 pro
943 3190 1033 3255 φλ.
1072 3208 1121 3242 κ.
1162 3186 1202 3241 ἔ.
1243 3187 1418 3262 ἐσφλᾷ
1455 3188 1507 3241 Ὺ
1648 3187 1774 3243 εἴσω
1810 3188 1856 3241 Β
1999 3185 2108 3243 κᾶν
2144 3186 2197 3242 Ὺ

265 3261 332 3309 15
370 3255 547 3312 ἐνίοτε
581 3257 726 3311 th.
890 3257 962 3326 ἀρ
997 3275 1099 3327 pro
1137 3257 1199 3313 δὲ
1235 3257 1288 3313 Ὺ
1397 3264 1462 3311 17
1498 3263 1762 3328 ψιλοῦται
1798 3258 1974 3324 codd„
2012 3257 2285 3327 temptavi

263 3330 425 3393 ’φιλοῖ
455 3326 610 3392 τιβῐ.
639 3327 826 3382 Herm.
850 3279 952 3382 {X
978 3348 1032 3399 p.
1057 3333 1157 3383 189
1305 3332 1379 3382 19
1410 3327 1607 3398 φλέται
1632 3331 1694 3396 Β,
1734 3333 1943 3399 φλᾶται
1969 3329 2036 3395 Ὺ,
2075 3332 2189 3401 φλᾷ
2225 3346 2283 3380 τε

265 3396 410 3538 {im
426 3398 643 3523 {5th
740 3405 836 3525 Ἠξῖ
845 3398 973 3455 εἴσω
1009 3399 1055 3454 Β
1156 3398 1393 3455 ἑωυτέου
1428 3399 1474 3454 Β
1570 3399 1872 3471 στρογγυλά
1899 3399 1951 3453 V
2075 3403 2140 3449 21
2180 3397 2283 3462 ἀμ-

334 3480 394 3522 ία
645 3489 748 3525 vid
2126 3490 2130 3496 ’
