2588 3876
954 133 1129 185 ΠΕΡΙ
1162 132 1418 185 mu
1457 136 1520 184 11
2169 131 2266 196 65

230 296 573 381 μεγάλους
617 301 709 382 τῷ
757 295 1006 378 σώματι
1051 292 1319 380 παρέχει
1354 295 1523 381 πρὸς
1564 302 1645 382 τῇ
1691 295 1854 380 ἄλλῃ
1895 295 2093 381 λύμῃ·
2147 292 2259 360 καὶ

230 404 368 488 γὰρ
405 399 680 487 πυρετοὶ
708 398 1073 486 ὑπεροξέες,
1103 400 1428 485 συνεχέες,
1454 402 1841 488 τρομῶδεες,
1869 402 2259 486 λυγγώδεες,

232 510 514 593 γνώμης
549 508 906 591 ἁπτόμενοι
940 505 1051 572 καὶ
1096 506 1479 593 ὀλιγήμεροι
1514 510 1908 584 κτείνοντες·
1954 506 2257 592 γένοιντο

236 614 302 681 δ’
369 614 456 680 ἂν
514 612 623 679 καὶ
683 617 952 699 φλεβῶν
1006 616 1385 699 αἱμορρόων
1437 616 1808 698 πελιώσιες,
1866 616 2261 691 ναυσιώσιες

229 720 346 786 καὶ
378 722 901 806 γαγγραινώσιες
927 721 1058 786 ὑπὸ
1095 731 1209 805 τῆς
1235 719 1509 798 πιέξιος·
1547 721 1807 805 γένοιτο
1846 719 1904 785 δ’
1944 719 2028 786 ἂν
2054 729 2259 786 ταῦτα
2314 745 2339 785 5

231 826 362 905 ἔξω
409 836 528 892 τοῦ
576 828 783 891 ἄλλου
829 831 1305 911 σφακελισμοῦ.
1393 835 1600 892 ταῦτα
1644 824 1768 908 μὲν
1814 822 1940 892 οὖν
1987 834 2260 921 εἴρηται,

230 925 351 999 οἷα
378 935 459 998 τὰ
489 936 884 1019 ἰσχυρότατα
920 935 1270 1018 φλάσματα
1307 937 1583 1016 γίνεται·
1622 936 1702 998 τὰ
1736 933 1962 1019 μέντοι
1989 940 2262 1001 πλεῖστα

231 1041 571 1125 ἡσυχαίως
626 1040 1040 1125 ἀμφιφλᾶται
1094 1039 1204 1105 καὶ
1251 1040 1531 1125 οὐδεμία
1578 1042 1789 1124 πολλὴ
1845 1043 2103 1125 σπουδὴ
2148 1051 2264 1125 τῆς

230 1146 532 1231 μελέτης,
578 1146 723 1212 ἀλλ’
766 1147 941 1231 ὅμως
986 1147 1207 1233 ὀρθῶς
1243 1171 1318 1229 γε
1355 1149 1477 1233 χρὴ
1519 1151 1839 1233 χειρίζειν.
1914 1147 2076 1232 ἐπὴν
2111 1147 2264 1232 μέν-

228 1277 343 1319 τοι
402 1254 677 1338 ἰσχυρὸν
741 1252 898 1339 δόξῃ
965 1249 1135 1319 εἶναι
1194 1255 1269 1319 τὸ
1326 1257 1614 1339 ἔρεισμα,
1678 1256 1758 1319 τά
1820 1278 1890 1319 τε
1954 1253 2264 1339 εἰρημένα
2291 1281 2345 1320 ιο

226 1371 462 1425 ποιεῖν
516 1362 638 1445 χρὴ
693 1357 803 1424 καὶ
857 1362 977 1444 τὴν
1033 1359 1330 1424 ἐπίδεσιν
1384 1362 1504 1444 τὴν
1556 1365 1870 1444 πλείστην
1922 1367 2265 1425 ποιεῖσθαι

232 1465 414 1551 ἀμφὶ
459 1467 582 1549 τὴν
625 1465 916 1552 πτέρνην
959 1467 1465 1552 περιβάλλοντα,
1512 1468 1744 1532 ἄλλοτε
1779 1468 1945 1553 πρὸς
1981 1469 2062 1532 τὰ
2097 1469 2265 1552 ἄκρα

232 1582 365 1637 τοῦ
429 1573 637 1648 ποδὸς
695 1572 1356 1658 ἀντιπεριβάλλοντα,
1422 1575 1654 1637 ἄλλοτε
1711 1574 1876 1658 πρὸς
1938 1574 2018 1637 τὰ
2079 1573 2265 1656 μέσα,

236 1681 483 1744 ἄλλοτε
525 1680 691 1764 πρὸς
735 1680 815 1744 τὰ
858 1678 1009 1765 περὶ
1054 1680 1175 1763 τὴν
1224 1680 1507 1763 κνήμην·
1563 1680 1992 1764 προσεπιὸεῖν
2039 1675 2112 1744 δὲ
2156 1678 2265 1743 καὶ

232 1788 321 1850 τὰ
351 1788 637 1867 πλησίον
671 1787 886 1850 πάντα
920 1783 1030 1850 καὶ
1071 1789 1273 1850 ἔνθεν
1308 1784 1417 1849 καὶ
1455 1782 1677 1868 ἔνθεν,
1708 1786 1923 1870 ὥσπερ
1960 1783 2069 1849 καὶ
2105 1788 2266 1870 πρό·
2293 1813 2345 1853 15

234 1898 417 1957 σθεν
454 1898 723 1978 εἴρηται,
759 1889 868 1957 καὶ
909 1893 1187 1978 ἰσχυρὴν
1222 1888 1347 1977 μὲν
1381 1892 1469 1976 μὴ
1504 1897 1846 1957 ποιεῖσθαι
1875 1892 1997 1975 τὴν
2031 1888 2265 1976 πίεξιν,

232 2003 548 2089 πολλοῖσι
592 1995 667 2063 δὲ
702 2010 842 2077 τοῖς
880 2000 1233 2065 ὀθονίοισι.
1299 2001 1574 2083 ἄμεινον
1611 1995 1686 2064 δὲ
1721 1997 1831 2064 καὶ
1869 1995 2251 2086 έλλέΙβορον
2268 2017 2373 2067 458

228 2116 433 2171 πῖσαι
478 2106 863 2192 αὐθημερὸν
908 2107 948 2190 ἢ
985 2115 1061 2191 τῇ
1108 2105 1442 2191 ὑστεραίῃ,
1489 2105 1818 2171 ἀπολῦσαι
1860 2102 1934 2170 δὲ
1970 2116 2267 2192 τριταῖον

232 2211 356 2278 καὶ
411 2208 597 2290 αὖτις
650 2214 1092 2297 μετεπιδῆσαι.
1184 2223 1418 2297 σημεῖα
1473 2209 1548 2277 δὲ
1602 2214 1786 2296 τάδε,
1842 2215 1901 2277 εἰ
1957 2217 2269 2297 παλιγκο-

235 2323 460 2384 ταίνει
522 2319 563 2403 ἢ
619 2321 727 2384 οὔ·
797 2318 960 2403 ἐπὴν
1012 2316 1135 2404 μὲν
1196 2321 1276 2383 τὰ
1331 2317 1760 2404 ἐκχυμώματα
1812 2330 1947 2384 τῶν
2002 2324 2270 2404 φλεβῶν
2296 2348 2351 2387 20

237 2423 360 2490 καὶ
406 2428 485 2490 τὰ
531 2427 906 2510 μελάσματα
951 2424 1061 2490 καὶ
1108 2427 1186 2490 τὰ
1234 2424 1431 2509 ἐγγὺς
1469 2424 1740 2491 ἐκείνων
1774 2425 2123 2511 ὑπέρυθρα
2170 2429 2269 2508 γί-

238 2555 441 2615 νηται
485 2529 596 2596 καὶ
634 2532 1036 2617 ὑπόσκληρα,
1083 2534 1398 2608 κίνδυνος
1433 2536 1925 2616 παλιγκοτῆσαι.
2000 2529 2140 2596 ἀλλ’
2186 2532 2271 2615 ἢν

395 2730 425 2777 2
463 2725 642 2795 ξυνεχ.
672 2723 792 2778 MV
901 2730 932 2777 3
968 2725 1098 2793 post
1134 2722 1301 2779 κτείν.
1342 2724 1469 2776 add.
1500 2743 1558 2778 τε
1596 2723 1717 2777 MV
1797 2722 2010 2793 γένοιτο
2048 2723 2165 2776 ΒΜ

239 2803 277 2849 4
318 2795 625 2864 ναρκώσιες
658 2795 790 2863 ΒΜ,
828 2813 982 2865 -σηες
1017 2795 1083 2862 V,
1121 2795 1449 2857 ναυσιώσιες
1483 2795 1630 2864 vulg.
1671 2797 1729 2848 et
1765 2794 1886 2847 Gal.
1926 2810 2120 2848 comm.
2158 2794 2195 2847 l.
2230 2795 2267 2848 1.

238 2871 354 2921 459
376 2884 493 2934 sqq.
617 2871 647 2918 5
685 2867 782 2920 καὶ
817 2887 1006 2958 γαγγρ.
1047 2883 1152 2919 om.
1181 2866 1243 2931 B,
1284 2884 1354 2919 ss.
1386 2866 1711 2927 ναυσιώσιες
1745 2885 1803 2919 τε
1840 2867 1937 2919 καὶ
1973 2887 2164 2935 γαγγρ.
2195 2867 2271 2919 B³

360 2942 390 2989 7
427 2945 603 2991 ταῦτα
630 2954 732 3007 pro
761 2937 856 2990 alb.
886 2958 956 2992 τα
985 2937 1104 2990 MV
1211 2943 1243 2989 8
1282 2936 1416 2992 οὐδὲ
1443 2934 1543 3006 μία
1571 2936 1691 2990 MV
1800 2943 1831 2990 9
1872 2956 2002 3008 εχρη
2033 2940 2112 3007 (γε
2142 2940 2268 3007 om.)

238 3009 310 3075 B,
352 3030 385 3078 γ
421 3007 783 3077 praescripsit]
817 3008 908 3076 Β3,
951 3027 1011 3078 γε
1051 3025 1154 3061 om.
1185 3007 1233 3060 D
1401 3013 1466 3060 10
1506 3006 1642 3079 δόξῃ
1681 3007 1768 3061 bis
1807 3007 2067 3077 deinceps
2105 3008 2165 3062 M

241 3085 314 3134 11
357 3078 587 3147 ποιέειν,
634 3078 856 3134 -έεσθαι
893 3079 1051 3133 codd.
1201 3085 1265 3132 12
1304 3077 1548 3148 πτέρναν
1584 3079 1629 3132 Β
1777 3084 1842 3132 13
1881 3079 2270 3151 ἀντιπεριβάλ-

234 3156 440 3206 λονται
476 3150 536 3203 Μ
681 3156 747 3203 14
792 3170 947 3219 παρα
991 3151 1080 3215 B1,
1126 3152 1257 3219 περὶ
1291 3151 1367 3203 Β3
1512 3155 1577 3203 15
1624 3152 1753 3219 posi]
1801 3149 1988 3205 πάντα
2027 3167 2132 3205 om.
2174 3153 2272 3204 καὶ

238 3222 296 3276 V
429 3227 494 3274 16
533 3222 588 3275 ἰσ
624 3242 789 3291 υριην
824 3222 870 3274 Β
1013 3220 1183 3275 ποιέε.
1225 3222 1383 3275 codd.
1550 3227 1613 3275 17
1655 3224 1786 3274 ante
1831 3225 1981 3276 πολλ.
2032 3222 2159 3274 add.
2210 3222 2270 3275 ἐν

239 3291 411 3348 codd.
450 3308 557 3346 rec.
633 3293 719 3345 itt.
759 3293 874 3361 Pq„
914 3294 974 3348 ἐν
1013 3310 1116 3346 om.
1146 3292 1324 3345 BMV
1432 3290 1746 3347 ὀθονίοισιν
1783 3292 1835 3346 V
1943 3292 2076 3363 ἑλέβ.
2117 3293 2167 3345 V

241 3369 317 3419 18
358 3381 534 3432 πησαι
570 3364 635 3432 B,
670 3362 957 3418 πιπίσκειν
994 3363 1113 3416 MV
1252 3365 1384 3417 ante
1423 3364 1557 3416 αὐθ.
1599 3364 1727 3417 add.
1767 3361 1802 3431 ἢ
1840 3364 1929 3429 Β3,
1967 3366 2096 3432 post
2133 3363 2268 3415 αὐθ.

238 3434 279 3505 ἢ
325 3451 433 3488 om.
464 3435 528 3500 B,
567 3452 635 3488 ss.
665 3435 741 3487 B³
850 3441 914 3488 19
953 3430 1111 3498 αὖτις
1146 3435 1259 3488 ΜΒ
1298 3437 1349 3504 (τ
1375 3436 1510 3487 mut.
1541 3434 1616 3487 B³
1641 3434 1702 3487 in
1728 3436 1811 3504 θ),
1851 3431 2023 3495 αὖθις
2057 3431 2191 3484 BSV

236 3509 675 3575 παλιγκοταινεῖ
698 3506 749 3560 V
894 3512 957 3559 21
999 3504 1209 3576 γίνεται
1246 3505 1367 3559 MV

358 3606 698 3646 Huwomuus
724 3606 786 3645 Π.
1922 3594 1952 3640 5
