2588 3876
299 140 385 205 26
556 145 730 195 ΠΕΡΙ
764 144 911 196 ΤΩΝ
945 146 1044 195 ΕΝ
1079 145 1416 195 ΚΕΦΑΛΗΙ
1449 143 1840 196 ΤΡΩΜΑΤΩΝ
1881 147 1961 196 19.
1992 148 2060 196 20

298 311 677 371 τελευταῖον
739 305 814 370 δὲ
869 302 1168 390 ἔπωχρον
1219 308 1581 388 γενόμενον
1641 304 1682 390 ἢ
1743 302 2073 371 ἔκλευκον.
2165 306 2336 371 ὅταν

300 410 359 477 δ’
394 413 520 495 ἤδη
566 411 874 477 ὑπόπυον
917 404 981 496 ᾖ,
1028 410 1135 477 ἐπὶ
1169 422 1248 497 τῇ
1286 413 1549 498 γλώσσῃ
1589 418 1991 497 φλυκταῖναι
2025 416 2335 496 γίνονται

298 519 408 584 καὶ
465 517 953 605 παραφρονέων
1014 524 1310 605 τελευτᾷ·
1375 520 1485 585 καὶ
1545 521 1842 603 σπασμὸς
1899 517 2334 604 ἐπιλαμβάνει

298 628 456 702 τοὺς
498 629 848 702 πλείστους
892 627 973 690 τὰ
1019 625 1125 691 ἐπὶ
1169 627 1422 710 θάτερα
1478 634 1600 691 τοῦ
1661 627 1971 710 σώματος.
2060 625 2147 711 ἢν
2204 627 2333 709 μὲν

246 759 272 800 5
302 731 374 796 έν
418 739 512 819 τῷ
559 730 658 796 ἐπ’
712 731 1021 819 ἀριστερὰ
1063 742 1180 816 τῆς
1222 739 1513 817 κεφαλῆς
1555 731 1668 819 ἔχῃ
1714 734 1790 799 τὸ
1838 732 2043 816 ἕλκος,
2094 734 2176 797 τὰ
2222 731 2333 799 ἐπὶ

299 835 480 916 δεξιὰ
523 847 643 904 τοῦ
691 839 988 922 σώματος
1034 839 1069 904 ὁ
1118 840 1416 922 σπασμὸς
1461 841 1804 924 λαμβάνει·
1867 838 1954 924 ἢν
2010 838 2069 905 δ’
2124 838 2198 905 ἐν
2242 847 2340 928 τῷ

300 942 406 1010 ἐπὶ
453 942 634 1023 δεξιὰ
678 954 794 1029 τῆς
837 952 1127 1031 κεφαλῆς
1170 944 1282 1032 ἔχῃ
1330 948 1405 1012 τὸ
1453 945 1668 1031 ἕλκος,
1728 949 1808 1012 τὰ
1862 945 1961 1011 ἐπ’
2015 946 2330 1031 ἀριστερὰ

297 1060 417 1116 τοῦ
474 1052 769 1135 σώματος
823 1052 859 1118 ὁ
909 1055 1203 1136 σπασμὸς
1245 1051 1702 1140 [ἐπιλαμβάνει.
1792 1054 1921 1119 εἰσὶ
1978 1051 2037 1119 δ’
2091 1056 2164 1119 οἳ
2215 1054 2331 1118 καὶ

298 1157 701 1243 ἀπόπληκτοι
747 1162 1073 1243 γίνονται·
1128 1161 1240 1225 καὶ
1286 1160 1498 1237 οὕτως
1542 1160 1944 1226 ἀπόλλυνται
1989 1161 2119 1244 πρὸ
2165 1159 2331 1226 ἑπτὰ

220 1295 273 1335 ιο
298 1263 593 1351 ἡμερέων
647 1264 722 1331 ἐν
774 1263 963 1352 θέρει
1020 1264 1061 1350 ἦ
1116 1267 1457 1353 τεσσάρων
1519 1268 1629 1332 καὶ
1689 1265 1847 1332 δέκα
1910 1265 1984 1333 έν
2037 1278 2331 1351 χειμῶνι.

298 1371 540 1454 ὁμοίως
585 1372 659 1437 δὲ
714 1373 795 1436 τὰ
850 1383 1082 1457 σημεῖα
1135 1382 1340 1438 ταῦτα
1396 1378 1696 1458 σημαίνει
1750 1375 1859 1439 καὶ
1914 1372 1988 1439 ἐν
2040 1377 2332 1459 πρεσβυ-

298 1476 463 1565 τέρω
511 1475 688 1544 ἐόντι
741 1485 833 1568 τῷ
870 1483 1200 1565 τρωματίῃ
1253 1480 1364 1545 καὶ
1419 1479 1493 1545 έν
1550 1479 1864 1568 νεωτέρῳ.
1955 1479 2122 1545 ἀλλὰ
2178 1482 2328 1567 χρή,

300 1585 360 1649 εἰ
404 1583 705 1669 έννοοίης
747 1586 867 1651 τὸν
900 1587 1188 1673 πυρετὸν
1226 1584 1756 1670 έπιλαμβάνοντα
1791 1587 1900 1652 καὶ
1935 1598 2070 1653 τῶν
2106 1588 2332 1652 ἄλλων

298 1713 363 1756 τι
409 1702 683 1777 σημεῖον
724 1694 938 1781 τούτῳ
985 1696 1540 1780 προσγενόμενον,
1584 1695 1673 1778 μὴ
1719 1695 2104 1780 διατρίβειν,
2160 1692 2333 1758 ἀλλὰ

219 1829 270 1869 15
297 1802 624 1893 πρίσαντα
667 1800 742 1865 τὸ
789 1799 1022 1865 ὀστέον
1066 1801 1232 1886 πρὸς
1274 1801 1399 1884 τὴν
1441 1801 1731 1883 μήνιγγα
1783 1799 1824 1884 ’ἢ
1871 1797 2331 1878 καταξύσαντα

296 1913 387 1994 τῷ
444 1904 715 1993 ξυστῆρι
764 1944 853 1953 -
906 1907 1207 1992 καπυρὸν
1265 1906 1341 1972 δὲ
1398 1910 1650 1990 γίνεται
1708 1908 1819 1973 καὶ
1873 1903 2192 1985 εὕξυστον
2238 1946 2333 1955 -—

297 2010 519 2077 ἔπειτα
571 2013 652 2077 τὰ
705 2013 903 2077 λοιπὰ
961 2013 1172 2089 οὕτως
1228 2014 1557 2100 ἰητρεύειν
1611 2015 1781 2091 ὅκως
1824 2012 1909 2079 ἀν
1954 2015 2116 2100 δοκῇ
2163 2031 2335 2097 συμ-

260 2203 265 2206 .
299 2116 530 2204 φέρειν
575 2118 739 2204 πρὸς
783 2119 856 2183 τὸ
904 2121 1259 2202 γινόμενον
1304 2118 1530 2206 ὁρέων.

431 2224 536 2288 20.
584 2221 785 2290 Ὅταν
843 2223 902 2289 δ’
959 2224 1065 2291 ἐπὶ
1117 2227 1408 2312 τρώματι
1456 2226 1529 2291 έν
1573 2231 1824 2312 κεφαλῇ
1871 2225 2237 2313 ἀνθρώπου
2283 2226 2328 2311 ἢ

217 2335 271 2402 26
297 2330 755 2417 πεπριωμένου
808 2330 849 2416 ἦ
906 2330 1269 2419 ἀπριώτου,
1331 2332 1741 2415 ἐψιλωμένου
1802 2333 1876 2398 δὲ
1919 2342 2038 2399 τοῦ
2086 2331 2328 2422 ὀστέου

299 2439 540 2522 οἴδημα
586 2435 962 2522 ἐπιγένηται
1007 2436 1304 2525 ἐρυθρὸν
1347 2440 1458 2504 καὶ
1502 2438 2061 2526 έρυσιπελατῶδες
2114 2437 2187 2504 ἐν
2242 2448 2339 2528 τῷ

192 2569 295 2617 256
322 2546 651 2633 προσώπω
698 2545 808 2609 καὶ
853 2543 927 2610 έν
970 2555 1189 2610 τοῖσιν
1227 2545 1682 2629 ὀφθαλμοῖσιν
1722 2546 1731 2630 ξ
1773 2543 2247 2630 ἀμφοτέροισιν
2283 2546 2330 2630 ἢ

295 2661 386 2740 τῷ
426 2651 646 2739 ἑτέρω,
700 2652 811 2716 καὶ
856 2656 926 2715 εί
959 2673 1059 2727 τις
1105 2652 1375 2717 ἅπτοιτο
1429 2661 1549 2717 τοῦ
1606 2654 1958 2736 οἰδήματος
2002 2651 2329 2739 ὀδυνῷτο,

296 2759 407 2823 καὶ
450 2758 731 2843 πυρετὸς
776 2756 1183 2843 ἐπιλαμβάνῃ
1228 2759 1341 2823 καὶ
1386 2758 1598 2844 ῥῖγος,
1658 2759 1733 2824 τὸ
1790 2759 1865 2824 δὲ
1918 2757 2106 2835 ἕλκος
2159 2759 2329 2825 αὐτὸ

442 2955 469 3003 1
509 2948 850 3039 ἀπάνωζρον
887 2948 939 3002 V
1054 2947 1202 3019 ενόμ.
1243 2950 1351 3004 del.
1381 2950 1564 3005 Fuchs
1600 2951 1678 3004 [Π
1705 2956 1807 3005 277
1881 2948 1916 3020 ἢ
1956 2949 2063 3005 del.
2103 2950 2246 3004 th.

300 3017 381 3076 ὅτ’
417 3018 488 3076 ἂν
516 3020 568 3074 V
666 3025 698 3073 2
726 3041 762 3089 η
793 3019 973 3087 codd„
1065 3021 1205 3075 Foes
1277 3019 1548 3091 γίνωνται
1577 3022 1736 3077 codd.
1840 3027 1870 3076 3
1902 3022 2064 3078 ἐπιλα
2104 3021 2213 3093 βάν
2275 3021 2330 3075 V

442 3097 488 3145 5.
522 3097 553 3145 6
592 3090 653 3146 ἐν
679 3095 757 3164 τῷ
778 3087 869 3144 ἐπ’
903 3091 990 3161 ἀρ.
1025 3136 1035 3146 .
1070 3134 1080 3145 .
1115 3134 1125 3145 .
1155 3090 1226 3160 ἢν
1263 3090 1321 3145 δ’
1365 3093 1427 3149 ἐν
1465 3110 1569 3148 om.
1600 3092 1723 3146 MN
1842 3097 1872 3146 7
1912 3093 2042 3149 ἐπιδ
2069 3093 2162 3158 ξια

296 3162 358 3217 τὸ
396 3162 448 3216 V
592 3168 656 3215 12
693 3162 938 3231 τρώματι
972 3161 1007 3232 ἢ
1049 3162 1228 3230 codd„
1264 3163 1545 3237 τρωματίῃ
1581 3164 1727 3217 Erm.
1872 3169 1938 3217 13
1977 3164 2028 3218 εἰ
2066 3180 2170 3217 om.
2201 3162 2255 3217 V

299 3230 520 3303 ἐννοίης
546 3232 614 3301 V,
643 3230 898 3302 ἐννοοίης
924 3233 1047 3287 MN
1156 3240 1222 3288 16
1258 3236 1516 3305 καπυρὸν
1544 3239 1594 3292 δ.
1623 3257 1672 3305 γ.
1703 3236 1801 3289 καὶ
1828 3235 2095 3300 εὔξυστον
2119 3233 2326 3304 VMN‚

299 3304 595 3374 εὔπριστον
624 3306 674 3359 δ.
703 3326 752 3374 y.
782 3325 832 3358 κ.
863 3303 972 3369 εῢξ.
1002 3304 1168 3376 vulg,
1204 3325 1338 3361 καπ.
1369 3323 1474 3361 om.
1514 3306 1646 3360 Litt.
1676 3305 1823 3360 Erm.
1861 3306 1978 3374 Pq„
2017 3325 2148 3361 καπ.
2188 3309 2239 3361 δ.
2271 3328 2326 3376 γ.

298 3397 348 3432 κ.
370 3375 480 3442 εὔξ.
502 3374 645 3429 th..
723 3381 788 3429 17
820 3372 968 3441 ὅπως
995 3376 1047 3430 V
1110 3375 1278 3447 δοκέη
1308 3377 1474 3447 ξυμφ.
1505 3377 1556 3431 V
1629 3382 1696 3431 18
1735 3377 1883 3446 ὁρῶν
1913 3376 2091 3446 codd„
2122 3376 2330 3446 scripsi

299 3446 474 3517 ὀρέων
547 3451 614 3500 23
644 3445 894 3503 ὀδυνῶτο
925 3448 1103 3513 codd„
1139 3447 1412 3504 ὀδυνᾶται
1429 3448 1572 3502 th.
1648 3454 1719 3502 24
1747 3448 2110 3520 ἐπιλαμβάνει
2139 3448 2328 3519 codd„

298 3538 413 3574 -νοι
429 3519 578 3584 Litt„
603 3539 699 3590 -νῃ
713 3517 858 3571 th.
915 3516 1070 3589 ἆίγος
1086 3518 1138 3573 V
1193 3524 1261 3573 24
1281 3536 1362 3586 sq.
1385 3517 1521 3575 αὐτό
1539 3540 1599 3575 τε
1618 3520 1731 3575 ἀπὸ
1751 3520 1889 3588 ΜΝ,
1910 3520 2048 3575 αὐτὸ
2065 3518 2125 3575 τὲ
2144 3518 2331 3574 &nav
