2588 3876
595 197 770 247 ΠΕΡΙ
804 197 1094 249 ΑΡΘΡΩΝ
1131 198 1491 248 ΕΜΒοΛΗΣ
1530 201 1613 250 63.
1647 202 1729 249 64.
1762 202 1828 250 65
2105 198 2236 259 217

207 353 323 439 μὲν
352 359 810 441 ἰητρευόμενοι
848 357 1188 443 σῴζονται,
1225 356 1675 442 ἐμβληθέντος
1713 359 1788 424 δὲ
1823 368 1942 423 τοῦ
1973 361 2235 444 ἄρθρου

207 461 311 527 καὶ
361 462 792 547 έμμείναντος
838 463 2254 546 ἀποθνήσκουσι..

293 569 440 633 ·.64
508 570 731 646 Ωκὺτὸς
777 567 850 634 δὲ
896 573 1095 653 λόγος
1142 566 1365 654 οὗτος,
1420 571 1506 655 ἢν
1551 571 1660 637 καὶ
1707 574 1788 638 τὰ
1832 582 1953 636 τοῦ
1999 574 2236 657 πήχεος

206 675 394 740 ὀστέα
451 677 632 760 παρὰ
689 679 809 742 τὸν
867 678 1123 760 καρπὸν
1180 687 1298 761 τῆς
1354 679 1570 764 χειρὸς
1629 677 1816 755 ἕλκος
1870 682 2236 762 ποιήσαντα

204 780 455 867 ἐξίσχῃ,
500 783 587 864 ἤν
631 806 701 847 τε
748 782 815 858 ές
858 783 932 847 τὸ
980 785 1107 847 ἔσω
1154 783 1354 868 μέρος
1400 793 1516 867 τῆς
1562 786 1780 869 χειρὸς
1816 787 1903 868 ἤν
1930 808 2008 849 ,τε
2054 784 2120 861 ἐς
2157 788 2231 851 τὸ
2290 811 2318 850 ⁵

201 886 340 965 ἔξω.
426 888 609 970 σάφα
663 889 791 973 γὰρ
848 888 1244 954 ἐπίστασθαι
1302 893 1454 975 χρή,
1511 890 1612 954 ὅτι
1669 890 2108 956 ἀποθανεῖται
2163 891 2237 956 έν

202 994 462 1079 ὀλίγῃσι
501 992 780 1078 ἡμέρῃσι
817 997 1097 1082 τοιούτῳ
1135 995 1430 1084 θανάτῳ,
1469 997 1587 1084 οἵῳ
1623 1016 1747 1081 περ
1786 995 1895 1061 καὶ
1932 1000 2236 1081 πρόσθεν

199 1106 486 1186 εἴρηται,
534 1100 659 1187 ὅτῳ
707 1099 793 1164 ἂν
829 1099 1245 1184 ἐμβληθέντα
1282 1104 1362 1166 τὰ
1399 1102 1593 1167 ὀστέα
1631 1100 1918 1187 ἐμμείνῃ.
1994 1096 2127 1168 οἶσι
2167 1102 2227 1167 δ’

199 1205 282 1271 ἂν
320 1208 410 1291 μὴ
451 1205 752 1291 ἐμβληθῇ
790 1207 957 1290 μηδὲ
992 1215 1280 1293 πειρηθῇ
1321 1206 1798 1292 ἐμβάλλεσθαι,
1837 1203 2025 1273 οὗτοι
2061 1213 2234 1274 πολὺ

198 1311 476 1388 πλέονες
520 1316 1009 1398 περιγίνονται·
1073 1316 1322 1398 ῑητρειή
1364 1315 1440 1379 δὲ
1483 1317 1750 1399 τοιαύτη
1800 1326 1972 1380 τοῖσι
2016 1317 2236 1380 τοιού·
2265 1343 2323 1382 1ο

198 1437 421 1484 τοισιν
458 1417 822 1502 ἐπιτηδείη,
863 1419 969 1502 οἴη
1000 1440 1123 1504 περ
1155 1425 1425 1504 εἴρηται.
1506 1421 1582 1485 τὸ
1613 1420 1688 1486 δὲ
1715 1430 1929 1506 σχῆμα
1957 1422 2237 1507 αἰσχρὸν

200 1534 320 1590 τοῦ
369 1527 763 1609 χωλώματος
818 1524 1070 1608 ἀνάγκη
1129 1521 1303 1590 εἶναι
1349 1527 1458 1590 καὶ
1504 1529 1662 1602 τοὺς
1706 1527 2076 1604 δακτύλους
2121 1537 2236 1611 τῆς

197 1633 420 1716 χειρὸς
467 1630 796 1707 ἀσθενέας
839 1629 953 1696 καὶ
1012 1631 1341 1716 ἀχρείους·
1398 1632 1481 1715 ἢν
1525 1628 1650 1716 μὲν
1696 1634 1821 1716 γὰρ
1870 1631 1936 1708 ἐς
1981 1635 2055 1698 τὸ
2105 1631 2233 1698 ἔσω

196 1737 400 1822 μέρος
436 1737 679 1827 ὀλίσθῃ
717 1740 797 1802 τὰ
835 1736 1058 1821 ὀστέα,
1108 1739 1562 1821 συγκάμπτειν
1598 1738 1679 1801 οὐ
1720 1739 2041 1803 δύνανται
2077 1742 2235 1816 τοὺς

199 1844 601 1926 δακτύλους,
665 1845 750 1928 ἢν
815 1841 889 1908 δὲ
952 1842 1021 1920 ἐς
1083 1845 1157 1907 τὸ
1236 1842 1358 1921 ἔξω
1432 1843 1658 1928 μέρος,
1734 1842 2078 1909 ἐκτανύειν
2151 1846 2232 1910 οὐ
2263 1871 2321 1911 15ἶ

200 1952 543 2015 δύνανται.

335 2056 438 2120 65.
507 2048 706 2121 Οἷσιν
753 2055 811 2120 δ’
858 2056 943 2122 ὀὲν
981 2061 1231 2141 κνήμης
1279 2057 1514 2123 ὀστέον
1558 2056 1748 2133 ἕλκος
1784 2059 2234 2141 ποιησάμενον

199 2164 379 2245 παρὰ
423 2164 498 2227 τὸ
532 2161 540 2247 l
572 2165 741 2244 γόνυ
788 2161 908 2241 ἔξω
947 2161 1197 2248 ἐξίσχῃ,
1244 2166 1329 2247 ἤν
1374 2188 1444 2229 τε
1492 2163 1557 2240 ἐς
1601 2166 1675 2229 τὸ
1724 2162 1852 2229 ἔσω
1900 2164 2096 2250 μέρος
2132 2167 2217 2249 ἤν
2235 2182 2349 2229 276

204 2292 275 2333 τε
321 2267 389 2344 ἐς
434 2269 509 2333 τὸ
555 2265 706 2350 ἔξω,
762 2270 1100 2334 τούτοισιν
1155 2269 1240 2352 ἢν
1285 2269 1409 2354 μέν
1453 2294 1553 2346 τις
1599 2269 1878 2355 ἐμβάλῃ,
1925 2274 2020 2335 ἔτι
2068 2270 2231 2336 ἑτοι-

200 2377 480 2457 μότερος
525 2374 560 2439 ὁ
610 2375 905 2451 θάνατός
962 2374 1144 2440 ἐστιν
1200 2378 1367 2461 ἥπερ
1414 2385 1587 2440 τοῖσι
1635 2373 1942 2460 ἑτέροισι,
1998 2378 2230 2462 καίπερ
2262 2404 2323 2442 20·

199 2479 529 2555 κάκείνοις
586 2479 845 2562 ἕτοιμος
891 2480 1036 2545 ἐών.
1129 2482 1213 2565 ἢν
1260 2477 1335 2545 δὲ
1389 2483 1478 2566 μὴ
1540 2479 1847 2573 ἐμβαλὼν
1907 2482 2232 2567 ῑητρεύῃς,

200 2584 461 2661 ἐλπίδες
528 2583 652 2669 μὲν
722 2591 1046 2670 σωτηρίης
1116 2588 1289 2652 οὕτω
1361 2588 1625 2668 μούνως
1685 2588 1843 2651 εἰσί·
1907 2588 2233 2651 κινδυνω-

342 2783 371 2829 1
404 2778 817 2847 ἰητρεύμενοιΒ
902 2784 934 2831 2
963 2777 1432 2846 ἀποθνήσκουσιν
1461 2779 1511 2833 V
1585 2784 1616 2830 3
1647 2778 1676 2833 ὁ
1709 2779 1880 2842 αὐτὸς
1905 2779 2029 2845 ΒΓ,
2057 2780 2234 2841 ὡϋτὸς

199 2848 271 2913 Μ,
312 2848 560 2911 ὡυτὸς-Ψ
661 2869 836 2912 ουτως
872 2849 985 2902 ΒΓ
1118 2856 1154 2939 4
1185 2852 1317 2904 ante
1344 2849 1502 2917 παρὰ
1531 2850 1659 2906 add.
1688 2849 1758 2903 τὰ
1786 2849 1969 2903 MVP
2036 2850 2117 2913 εἰς
2143 2851 2231 2904 bis

200 2919 245 2970 B
319 2919 450 2979 εἴσω
481 2920 805 2987 οοᾱ(1.,ἔσω
835 2923 889 2973 Γ
993 2926 1025 2973 6
1064 2919 1260 2989 σάφα.
1296 2963 1305 2973 .
1340 2917 1643 2991 ,ἀχρείους
1669 2923 1780 2989 (13)
1811 2938 1916 2974 0111.
1947 2925 2001 2974 Γ
2071 2918 2157 2975 ὅτε
2185 2923 2231 2975 Β

288 2996 317 3043 7
361 2986 515 3059 ὀλίγη
521 3006 575 3043 σι
610 2962 750 3056 ΒΜ,
790 3011 823 3044 ν
862 2991 990 3044 add.
1030 2991 1131 3056 Μ’,
1172 3012 1232 3045 -ν
1268 2992 1367 3045 rel.
1493 2997 1524 3045 8
1564 2991 1679 3060 ἐνμ.
1709 2992 1756 3045 Β
1877 2997 1943 3045 10
1980 2990 2234 3057 πλείονες

199 3060 317 3114 MV
448 3066 627 3114 10.11
666 3059 999 3115 τοιουτέοισι
1025 3062 1070 3114 Β
1157 3062 1518 3133 τοιούτοισκν
1603 3011 1666 3130 ἡμ
1678 3063 1760 3117 ἐπ.
1800 3063 1858 3114 Μ
1988 3069 2050 3116 11
2091 3061 2231 3132 ἥπερ

198 3130 247 3183 V
375 3137 442 3184 13
483 3130 752 3201 ἀχρηΐους
787 3132 907 3185 MV
1007 3131 1133 3186 εἴσω
1173 3133 1293 3187 MV
1423 3139 1489 3186 14
1560 3136 1729 3201 λισθῆ
1770 3134 1928 3186 codd.
1959 3137 2025 3186 ut
2051 3134 2234 3189 solent

303 3203 406 3271 ξυγ
408 3224 457 3256 κ.
498 3202 617 3256 MV
718 3202 959 3258 δύναται
996 3203 1046 3257 V
1193 3210 1257 3257 17
1299 3209 1401 3258 ΛΓ
1430 3204 1561 3271 περὶ
1598 3203 1810 3272 κνήμης
1848 3203 2041 3260 ὀστέου
2079 3206 2232 3260 ἑλκο-

196 3223 406 3336 θέντος
428 3272 516 3326 tit
547 3273 593 3325 Β
670 3269 846 3328 ὅσοισι
875 3273 994 3327 MV
1097 3280 1280 3328 18.19
1313 3275 1413 3338 ἔξω
1447 3319 1457 3328 .
1518 3274 1688 3329 Ἇείσω
1719 3274 1838 3328 MV
1939 3282 2004 3329 19
2043 3272 2095 3328 τ’
2127 3293 2228 3345 pro

196 3362 251 3397 τε
289 3344 340 3398 V
450 3343 699 3398 τούτοισι
735 3345 780 3397 Β
891 3345 956 3412 ἐμ
995 3344 1129 3414 άλλη
1167 3345 1219 3398 V
1365 3351 1432 3398 20
1479 3343 1513 3413 ἢ
1552 3346 1681 3413 περὶ
1717 3345 1788 3411 Β,
1829 3344 1982 3414 εἴπερ
2021 3346 2140 3399 MV

196 3423 375 3468 τοῖσιν
413 3414 473 3467 Μ
522 3417 575 3484 (ν
614 3415 742 3468 add.
783 3415 887 3483 Μ’)
994 3419 1046 3469 Γ
1149 3416 1418 3485 ἐτεροισιν
1456 3420 1509 3470 Γ
1657 3421 1722 3468 21
1771 3417 1869 3469 καὶ
1909 3413 2228 3484 ἐκείνοισι(ν

198 3486 325 3539 add.
358 3504 431 3538 m.
465 3487 518 3554 2)
548 3486 623 3553 Μ,
656 3482 953 3541 ἐκεινοισιν
980 3487 1049 3552 V,
1077 3487 1348 3554 κακήνοις
1375 3490 1428 3540 Γ
1496 3487 1766 3554 ἰητρεύεις
1793 3486 1916 3551 ΒΓ,
1946 3506 2021 3540 -ει
2050 3487 2127 3551 Μ,
2156 3504 2225 3540 ss.

196 3576 253 3624 ηι
272 3557 377 3622 Μ’,
416 3556 551 3624 -ηῩ
651 3562 716 3609 22
749 3577 923 3620 ουτως
949 3558 1058 3609 ΒΓ
1126 3557 1347 3626 μούνως
1375 3557 1598 3625 scripsi,
1629 3556 1750 3624 μόν.
1783 3527 1940 3608 (30(1(1.
2009 3554 2227 3609 εἰσίνΜ
