2588 3876
759 160 933 209 ΠΕΡΙ
968 158 1258 211 ΑΡΘΡΩΝ
1296 159 1660 210 ΕΜΒΟΛΗΣ
1698 162 1763 209 73
2145 155 2271 220 231

245 319 417 397 ὕψος
461 318 570 384 καὶ
616 320 782 404 πρὸς
828 320 901 384 τὸ
950 319 1244 404 ἄρθρον,
1300 312 1343 405 ᾗ
1389 317 1826 409 ἐκπέπτωκεν·
1892 318 2159 401 ῥηίδιον
2204 318 2280 384 δὲ

246 425 577 511 ἁρμόζειν·
624 426 743 490 τὸν
779 427 906 510 γὰρ
935 432 1347 509 κλιμακτῆρα
1378 425 1790 509 ὑψηλότερόν
1816 447 1880 488 τι
1908 426 2032 510 χρὴ
2058 434 2280 489 ποιεῖν

245 540 365 595 τοῦ
412 534 718 616 μετρίου,
765 530 874 595 καὶ
925 532 1188 615 ἱμάτιον
1233 533 1687 614 πολύπτυχον,
1736 530 1824 607 ὡς
1871 528 1955 596 ἂν
2001 530 2280 617 ἁρμόσῃ,

244 637 625 703 ὑποτείνειν
686 637 818 702 ὑπὸ
881 639 955 702 τὸ
1024 648 1227 722 σῶμα.
1320 635 1544 702 ἔπειτα
1607 638 1730 721 χρὴ
1797 634 1999 713 ξύλον
2063 641 2218 721 ἔχον
2266 649 2275 739 1

243 745 490 820 πλάτος
534 741 808 829 μέτριον
852 742 962 809 καὶ
1008 753 1216 829 μῆκος
1262 744 1413 828 ἄχρι
1458 751 1577 807 τοῦ
1627 751 1894 828 σφυροῦ
1940 743 2259 809 ὑποτετα-
2277 759 2384 806 302

241 849 448 931 μένον
505 849 638 914 ὑπὸ
697 851 772 914 τὸ
833 849 1065 926 σκέλος
1124 846 1297 915 εἷναι
1358 850 1751 931 ἱκνεύμενον
1809 846 2111 914 ἐπέκεινα
2165 859 2282 933 τῆς
2334 874 2360 913 6

244 961 536 1040 κεφαλῆς
581 965 703 1020 τοῦ
749 965 966 1042 μηροῦ
1013 957 1103 1032 ὡς
1148 948 1299 1021 οἷόν
1342 974 1443 1029 τε·
1509 955 2170 1039 προσκαταὸεὸέσθαι
2207 957 2282 1021 δὲ

245 1064 349 1128 δεῖ
392 1063 558 1146 πρὸς
595 1063 669 1126 τὸ
709 1061 961 1145 σκέλος,
1009 1063 1186 1138 ὅπως
1232 1061 1319 1126 ἄν
1363 1063 1643 1145 μετρίως
1688 1057 1819 1146 ἔχῃ.
1902 1059 2012 1126 καὶ
2059 1058 2284 1127 ἔπειτα

244 1167 798 1252 κατατεινομένου
845 1178 967 1233 τοῦ
1014 1167 1281 1245 σκέλεος
1328 1175 1459 1233 εἴτε
1505 1166 1678 1255 ξύλῳ
1726 1167 2107 1252 ὑπεροειδεῖ
2151 1174 2283 1233 εἴτε

244 1275 502 1339 τούτων
529 1272 663 1339 τινὶ
692 1286 827 1340 τῶν
853 1279 1266 1340 κατατασίων
1297 1275 1467 1358 ὁμοῦ
1507 1275 1630 1358 χρὴ
1667 1275 2280 1356 καταναγκάζεσθαι
2310 1298 2362 1337 ιο

244 1381 318 1444 τὸ
367 1380 601 1458 σκέλος
645 1379 796 1466 περὶ
843 1383 961 1446 τὸν
1005 1387 1416 1465 κλιμακτῆρα
1460 1379 1528 1456 ἐς
1573 1381 1647 1444 τὸ
1685 1381 1859 1445 κάτω
1906 1379 2106 1465 μέρος
2152 1383 2281 1446 σὺν

245 1494 335 1574 τῷ
375 1485 550 1574 ξύλῳ
598 1495 690 1573 τῷ
736 1485 1267 1574 προσδεδεμένφ·
1337 1487 1457 1551 τὸν
1505 1485 1585 1550 δέ
1625 1510 1775 1550 τινα
1820 1485 2118 1572 κατέχειν
2162 1488 2281 1552 τὸν

247 1593 612 1677 ἄνθρωπον
659 1591 965 1678 ἀνωτέρω
1012 1601 1131 1657 τοῦ
1190 1593 1456 1676 ἄρθρου
1512 1592 1677 1655 κατὰ
1722 1593 1797 1656 τὸ
1848 1594 2080 1676 ἰσχίον.
2171 1592 2282 1657 καὶ

227 1697 459 1775 ὀὕτως
518 1700 652 1783 ἅμα
709 1700 832 1783 μὲν
889 1700 930 1783 ἡ
985 1699 1336 1774 κατάτασις
1387 1696 1826 1781 ὑπεραιωρέοι
1880 1696 1967 1762 ἂν
2010 1698 2132 1780 τὴν
2176 1721 2280 1762 κε-

246 1804 468 1888 φαλὴν
527 1814 647 1869 τοῦ
705 1814 921 1890 μηροῦ
981 1804 1147 1889 ὑπὲρ
1209 1813 1325 1888 τῆς
1378 1804 1692 1886 κοτύλης,
1749 1802 1882 1888 ἅμα
1937 1798 2011 1867 δὲ
2064 1804 2105 1886 ἡ
2162 1805 2280 1888 μό-
2309 1826 2359 1866 15

245 1915 511 1994 χλευσις
566 1910 864 1978 ἀπωθέοι
918 1912 1040 1996 τὴν
1092 1911 1392 1996 κεφαλὴν
1446 1918 1567 1975 τοῦ
1623 1917 1839 1994 μηροῦ
1888 1906 1954 1985 ἐς
1998 1910 2119 1993 τὴν
2166 1908 2279 1995 ἀρ-

245 2019 443 2101 χαίην
489 2020 718 2102 φύσιν.
792 2013 986 2083 αὗται
1021 2027 1227 2083 πᾶσαι
1273 2018 1343 2081 αἱ
1382 2015 1721 2102 εἰρημέναι
1767 2015 2049 2098 ἀνάγκαι
2097 2018 2278 2100 ἰσχυ-

248 2122 357 2208 ραὶ
403 2123 517 2188 καὶ
561 2135 768 2189 πᾶσαι
813 2123 1134 2209 κρέσσους
1180 2133 1297 2206 τῆς
1345 2131 1723 2208 συμφορῆς,
1779 2124 1865 2205 ἥν
1910 2145 2010 2197 τις
2055 2120 2279 2206 ὀρθῶς

392 2358 420 2405 1
470 2353 566 2405 καὶ
602 2354 665 2407 τὸ
705 2371 845 2420 προς
880 2351 985 2419 Ap.
1116 2344 1152 2423 ᾗ
1189 2369 1297 2405 om.
1335 2350 1440 2419 Ap.
1570 2347 1885 2404 ἐκπέπτωκε
1923 2347 2067 2413 MV,
2115 2367 2275 2415 -τοκη

245 2422 352 2491 Ap.
520 2429 550 2475 2
590 2424 722 2477 ante
760 2422 885 2491 ἁρμ.
927 2422 1056 2475 add.
1131 2422 1198 2491 ρὴ
1227 2421 1296 2487 V,
1349 2420 1453 2491 χρὴ
1492 2437 1561 2472 ss.
1600 2419 1660 2471 M
1697 2419 1819 2471 ead..
1857 2436 1930 2470 m.
2049 2419 2275 2487 ἀρμωση

244 2494 349 2562 Ap.
461 2492 706 2563 νομίζειν
741 2511 844 2562 pro
881 2492 1007 2562 ἁρμ.
1055 2444 1175 2585 Βξῖἴ
1282 2491 1388 2561 γὰρ
1428 2508 1533 2544 om.
1570 2490 1698 2572 Ap„
1736 2490 1798 2543 δὲ
1836 2505 1939 2557 pro
1975 2487 2176 2579 7313?

245 2564 670 2689 35523500321?
681 2564 882 2688 ΜΑΡΞ
934 2585 1066 2704 ζὲξιι
1080 2560 1443 2702 Ἥᾶῗεὲἇςέ.
1466 2578 1719 2685 Ἔπέουῗ
1758 2559 1841 2682 ξ’
1907 2577 2048 2696 ἶίἔξῖ
2086 2563 2276 2698 {em

246 2706 417 2770 ξύλου
453 2706 541 2759 bit.
582 2707 642 2759 in
678 2724 751 2759 m.
790 2705 889 2759 inf.
928 2706 988 2758 M
1098 2705 1296 2775 ἔχοντα
1333 2702 1567 2771 MVAp.
1731 2709 1761 2755 6
1800 2698 2008 2768 ἱκνεόμ.
2047 2699 2167 2752 MV

243 2778 377 2845 post
412 2775 560 2831 ἐπέκ.
600 2777 728 2830 add.
770 2777 862 2831 ἐπὶ
896 2777 1000 2846 Ap.
1149 2781 1177 2828 7
1218 2794 1438 2829 οιονται
1474 2772 1586 2827 ΒΓ
1686 2768 2277 2840 προσκαταδεὸέεσθαι

244 2847 317 2913 Β,
358 2848 616 2902 -δεῑσθαι
646 2847 706 2900 Μ
813 2852 845 2900 8
875 2850 966 2901 δεῖ
990 2864 1095 2900 om.
1128 2846 1289 2914 PAp.
1367 2841 1516 2905 ὅπως
1542 2844 1663 2906 ΒΓ,
1703 2841 1896 2912 ὁκ<ὁπ-
1932 2841 1981 2893 Α
2024 2843 2277 2911 .)οσαχῶς

246 2918 483 2986 MVAp.
602 2916 674 2985 ἣν
711 2917 831 2971 MV
943 2918 1052 2989 ἔχει
1089 2917 1201 2970 ΒΓ
1313 2915 1553 2969 κᾶπειτα
1589 2914 1710 2967 MV
1872 2858 2046 2966 oslg’
2088 2913 2146 2975 ἐς
2181 2912 2275 2976 ξυ-

248 3009 351 3078 23⁰1&
388 3027 478 3094 (se.
521 3026 643 3077 ead.
682 3026 777 3092 m.)
816 3023 899 3088 M,
941 3019 1042 3076 εἴτ’
1085 3022 1146 3077 ἐν
1184 3024 1227 3087 ξ.
1268 3022 1319 3075 V
1391 3021 1691 3088 ὑπεροειὸῆ
1734 3020 1894 3086 PAp.
2045 3022 2110 3070 10
2147 3037 2276 3071 του-

245 3094 387 3150 τέων
424 3094 545 3148 MV
645 3093 753 3148 εἴτε
791 3094 1003 3148 τούτων
1039 3112 1179 3147 τινει
1218 3092 1326 3147 εἴτε
1364 3101 1474 3145 τῶν
1513 3108 1703 3144 κατατ.
1748 3092 1800 3142 Γ
1829 3090 2068 3158 (comm.)
2169 3087 2275 3158 χρὴ

249 3183 354 3220 om.
394 3167 499 3234 Ap.
648 3171 711 3218 11
761 3165 863 3230 ξὺν
900 3164 1020 3216 MV
1166 3170 1231 3216 12
1283 3163 1382 3217 τὸν
1421 3160 1484 3216 δὲ
1525 3204 1535 3214 .
1571 3204 1582 3215 .
1615 3204 1625 3214 .
1668 3156 1926 3229 ἐμπίπτει
1964 3162 2036 3228 (p.
2069 3163 2189 3224 232,
2221 3160 2273 3225 3)

249 3254 353 3290 om.
398 3240 451 3289 Γ
592 3242 656 3288 14
704 3238 834 3290 ante
874 3234 1047 3298 οὕτως
1084 3234 1212 3287 add.
1252 3233 1360 3302 γὰρ
1397 3232 1519 3286 MV
1626 3230 1661 3299 ’ἡ
1709 3250 1828 3283 κατ.
1877 3229 1994 3298 ἅμα
2031 3228 2131 3297 μὲν
2169 3229 2272 3296 Ap.

354 3308 698 3397 ὑπερωραῖοι
754 3304 827 3360 ἂν
882 3306 1014 3374 Ap.,
1070 3303 1444 3372 ὑπεραιωρέοι
1500 3300 1572 3355 ἂν
1627 3300 1759 3354 Litt.
1807 3300 1957 3354 Erm.
2008 3299 2273 3364 Schoene‚

250 3376 491 3445 -αίροιτο
529 3381 624 3449 (αν
662 3380 792 3447 om.)
832 3379 935 3430 cet.
1103 3381 1167 3427 15
1206 3376 1348 3442 ὑπὲρ
1382 3416 1391 3426 .
1426 3417 1435 3427 .
1471 3416 1480 3425 .
1512 3381 1690 3442 μηροῦ
1728 3373 1839 3441 (16)
1879 3389 1985 3425 om.
2024 3371 2128 3438 Ap.

251 3454 316 3502 16
356 3448 436 3512 εἰς
472 3449 518 3501 Β
666 3454 730 3500 17
776 3450 906 3516 post
942 3447 1115 3515 φύσιν
1161 3447 1290 3499 add.
1329 3454 1429 3498 τοῦ
1466 3450 1645 3512 μηροῦ
1684 3443 1787 3509 Ap.
1947 3445 2028 3493 17.
2062 3443 2128 3491 18
2167 3437 2271 3507 ἰσχ.

250 3519 391 3573 κατὰ
430 3518 607 3586 κρέσσ.
646 3520 748 3586 Ap.
899 3523 965 3570 18
1003 3515 1205 3586 κρείσσ.
1244 3517 1290 3569 Β
1401 3516 1566 3582 ξυμφ.
1608 3512 1787 3578 codd„
1826 3527 1994 3578 συμφ.
2035 3510 2138 3577 Ap.
