<?xml version="1.0" encoding="UTF-8"?>
<!DOCTYPE html PUBLIC "-//W3C//DTD XHTML 1.0 Transitional//EN"
    "http://www.w3.org/TR/xhtml1/DTD/xhtml1-transitional.dtd">
<html xmlns="http://www.w3.org/1999/xhtml" xml:lang="en" lang="en">
 <head>
  <title>
</title>
<meta http-equiv="Content-Type" content="text/html;charset=utf-8" />
  <meta name='ocr-system' content='tesseract 3.04.00' />
  <meta name='ocr-capabilities' content='ocr_page ocr_carea ocr_par ocr_line ocrx_word'/>
</head>
<body>
  <div class='ocr_page' id='page_1' title='image "./operaqvaefervnt00ilbegoog_0017.png"; bbox 0 0 2588 3876; ppageno 0'>
   <div class='ocr_carea' id='block_1_1' title="bbox 981 141 2300 194">
    <p class='ocr_par' dir='ltr' id='par_1_1' title="bbox 981 141 2300 194">
     <span class='ocr_line' id='line_1_1' title="bbox 981 141 2300 194; baseline -0.002 -2"><span class='ocrx_word' id='word_1_1' title='bbox 981 141 1399 194; x_wconf 81' lang='lat' dir='ltr'>PRAEFATIO.</span> <span class='ocrx_word' id='word_1_2' title='bbox 2067 142 2204 193; x_wconf 85' lang='lat' dir='ltr'><strong>XIII</strong></span> <span class='ocrx_word' id='word_1_3' title='bbox 2287 172 2300 189; x_wconf 50' lang='lat'><em>2</em></span> 
     </span>
    </p>
   </div>
   <div class='ocr_carea' id='block_1_2' title="bbox 177 299 2210 1191">
    <p class='ocr_par' dir='ltr' id='par_1_2' title="bbox 177 299 2210 1191">
     <span class='ocr_line' id='line_1_2' title="bbox 177 299 2203 388; baseline -0.002 -18"><span class='ocrx_word' id='word_1_4' title='bbox 177 312 512 370; x_wconf 85' lang='lat' dir='ltr'><strong>illuserunt.</strong></span> <span class='ocrx_word' id='word_1_5' title='bbox 601 310 915 369; x_wconf 81' lang='lat' dir='ltr'><strong>Haesitavi</strong></span> <span class='ocrx_word' id='word_1_6' title='bbox 960 308 1118 367; x_wconf 80' lang='lat' dir='ltr'><strong>enim</strong></span> <span class='ocrx_word' id='word_1_7' title='bbox 1161 309 1225 366; x_wconf 88' lang='grc'><strong>111</strong></span> <span class='ocrx_word' id='word_1_8' title='bbox 1270 308 1465 368; x_wconf 85' lang='lat' dir='ltr'><strong>verbis</strong></span> <span class='ocrx_word' id='word_1_9' title='bbox 1521 325 1647 383; x_wconf 76' lang='lat' dir='ltr'><strong>cap.</strong></span> <span class='ocrx_word' id='word_1_10' title='bbox 1688 310 1768 366; x_wconf 82' lang='lat'><strong>21</strong></span> <span class='ocrx_word' id='word_1_11' title='bbox 1812 299 1897 388; x_wconf 89' lang='lat' dir='ltr'><strong>(p.</strong></span> <span class='ocrx_word' id='word_1_12' title='bbox 1939 300 2203 388; x_wconf 82' lang='lat'><strong>27,·15)‚</strong></span> 
     </span>
     <span class='ocr_line' id='line_1_3' title="bbox 178 395 2205 474; baseline -0.001 -16"><span class='ocrx_word' id='word_1_13' title='bbox 178 399 278 458; x_wconf 91' lang='lat' dir='ltr'><strong>ubi</strong></span> <span class='ocrx_word' id='word_1_14' title='bbox 322 418 531 459; x_wconf 75' lang='lat' dir='ltr'><strong>verum</strong></span> <span class='ocrx_word' id='word_1_15' title='bbox 576 418 697 458; x_wconf 87' lang='lat' dir='ltr'><strong>non</strong></span> <span class='ocrx_word' id='word_1_16' title='bbox 739 397 915 458; x_wconf 84' lang='lat' dir='ltr'><strong>modo</strong></span> <span class='ocrx_word' id='word_1_17' title='bbox 951 398 1103 457; x_wconf 86' lang='lat' dir='ltr'><strong>latet</strong></span> <span class='ocrx_word' id='word_1_18' title='bbox 1137 399 1201 455; x_wconf 87' lang='lat' dir='ltr'><strong>in</strong></span> <span class='ocrx_word' id='word_1_19' title='bbox 1237 396 1497 456; x_wconf 82' lang='lat' dir='ltr'><strong>Parisini</strong></span> <span class='ocrx_word' id='word_1_20' title='bbox 1534 397 1586 455; x_wconf 73' lang='lat' dir='ltr'>E</span> <span class='ocrx_word' id='word_1_21' title='bbox 1621 395 1838 474; x_wconf 68' lang='grc' dir='ltr'><strong><em>ἐσάπη,</em></strong></span> <span class='ocrx_word' id='word_1_22' title='bbox 1884 396 1986 456; x_wconf 88' lang='lat' dir='ltr'><strong>sed</strong></span> <span class='ocrx_word' id='word_1_23' title='bbox 2023 397 2205 456; x_wconf 85' lang='lat' dir='ltr'><strong>etiam</strong></span> 
     </span>
     <span class='ocr_line' id='line_1_4' title="bbox 179 485 2203 569; baseline -0.002 -21"><span class='ocrx_word' id='word_1_24' title='bbox 179 491 446 549; x_wconf 75' lang='lat' dir='ltr'><strong>servatur</strong></span> <span class='ocrx_word' id='word_1_25' title='bbox 502 487 802 547; x_wconf 82' lang='lat' dir='ltr'><strong>codicibus</strong></span> <span class='ocrx_word' id='word_1_26' title='bbox 855 487 919 545; x_wconf 88' lang='lat' dir='ltr'>M</span> <span class='ocrx_word' id='word_1_27' title='bbox 928 486 1052 545; x_wconf 87' lang='lat' dir='ltr'><strong>NV</strong></span> <span class='ocrx_word' id='word_1_28' title='bbox 1104 485 1431 546; x_wconf 73' lang='grc' dir='ltr'><strong><em>τελευτῶσά</em></strong></span> <span class='ocrx_word' id='word_1_29' title='bbox 1482 505 1600 569; x_wconf 79' lang='grc' dir='ltr'><strong>πῃ,</strong></span> <span class='ocrx_word' id='word_1_30' title='bbox 1662 486 1823 562; x_wconf 88' lang='lat' dir='ltr'><strong>quod</strong></span> <span class='ocrx_word' id='word_1_31' title='bbox 1878 488 2007 545; x_wconf 83' lang='lat' dir='ltr'><strong>erat</strong></span> <span class='ocrx_word' id='word_1_32' title='bbox 2059 487 2203 545; x_wconf 85' lang='lat' dir='ltr'><strong>reei-</strong></span> 
     </span>
     <span class='ocr_line' id='line_1_5' title="bbox 181 576 2205 659; baseline -0.002 -23"><span class='ocrx_word' id='word_1_33' title='bbox 181 578 477 654; x_wconf 81' lang='lat' dir='ltr'><strong>piendum.</strong></span> <span class='ocrx_word' id='word_1_34' title='bbox 567 576 729 635; x_wconf 86' lang='lat' dir='ltr'><strong>Nam</strong></span> <span class='ocrx_word' id='word_1_35' title='bbox 784 576 1012 634; x_wconf 86' lang='lat' dir='ltr'><strong>formae</strong></span> <span class='ocrx_word' id='word_1_36' title='bbox 1074 596 1179 659; x_wconf 69' lang='grc' dir='ltr'><strong>κῃ,</strong></span> <span class='ocrx_word' id='word_1_37' title='bbox 1237 597 1385 653; x_wconf 77' lang='grc' dir='ltr'><strong><em>κως,</em></strong></span> <span class='ocrx_word' id='word_1_38' title='bbox 1444 596 1561 653; x_wconf 81' lang='grc' dir='ltr'><strong>κω,</strong></span> <span class='ocrx_word' id='word_1_39' title='bbox 1618 596 1778 653; x_wconf 81' lang='grc' dir='ltr'><strong>κοτε,</strong></span> <span class='ocrx_word' id='word_1_40' title='bbox 1838 590 2015 646; x_wconf 84' lang='grc' dir='ltr'><strong><em>κοσος</em></strong></span> <span class='ocrx_word' id='word_1_41' title='bbox 2076 576 2205 632; x_wconf 87' lang='lat' dir='ltr'><strong>tam</strong></span> 
     </span>
     <span class='ocr_line' id='line_1_6' title="bbox 180 664 2208 739; baseline -0.002 -13"><span class='ocrx_word' id='word_1_42' title='bbox 180 668 410 726; x_wconf 77' lang='lat' dir='ltr'><strong>alienae</strong></span> <span class='ocrx_word' id='word_1_43' title='bbox 456 668 597 725; x_wconf 83' lang='lat' dir='ltr'><strong>sunt</strong></span> <span class='ocrx_word' id='word_1_44' title='bbox 640 684 680 724; x_wconf 87' lang='lat' dir='ltr'><strong>a</strong></span> <span class='ocrx_word' id='word_1_45' title='bbox 723 665 978 724; x_wconf 81' lang='lat' dir='ltr'><strong>dialecto</strong></span> <span class='ocrx_word' id='word_1_46' title='bbox 1013 666 1227 722; x_wconf 84' lang='lat' dir='ltr'><strong>horum</strong></span> <span class='ocrx_word' id='word_1_47' title='bbox 1260 664 1626 723; x_wconf 74' lang='lat' dir='ltr'><strong>medioorum</strong></span> <span class='ocrx_word' id='word_1_48' title='bbox 1639 709 1658 739; x_wconf 84' lang='lat'>‚</span> <span class='ocrx_word' id='word_1_49' title='bbox 1700 667 1771 722; x_wconf 89' lang='lat' dir='ltr'><strong>ut</strong></span> <span class='ocrx_word' id='word_1_50' title='bbox 1805 681 1878 722; x_wconf 90' lang='lat' dir='ltr'><strong>ne</strong></span> <span class='ocrx_word' id='word_1_51' title='bbox 1914 682 2036 722; x_wconf 88' lang='lat' dir='ltr'><strong>una</strong></span> <span class='ocrx_word' id='word_1_52' title='bbox 2074 665 2208 739; x_wconf 80' lang='lat' dir='ltr'><strong>qui-</strong></span> 
     </span>
     <span class='ocr_line' id='line_1_7' title="bbox 179 746 2210 829; baseline -0.001 -15"><span class='ocrx_word' id='word_1_53' title='bbox 179 756 313 814; x_wconf 86' lang='lat' dir='ltr'><strong>dem</strong></span> <span class='ocrx_word' id='word_1_54' title='bbox 362 757 429 814; x_wconf 85' lang='lat' dir='ltr'><strong>in</strong></span> <span class='ocrx_word' id='word_1_55' title='bbox 485 753 785 814; x_wconf 75' lang='lat' dir='ltr'><strong>oodjoibus</strong></span> <span class='ocrx_word' id='word_1_56' title='bbox 838 754 1186 829; x_wconf 70' lang='lat' dir='ltr'><strong>reperiatur.</strong></span> <span class='ocrx_word' id='word_1_57' title='bbox 1293 753 1489 823; x_wconf 83' lang='lat' dir='ltr'>Quare</span> <span class='ocrx_word' id='word_1_58' title='bbox 1544 773 1678 813; x_wconf 87' lang='grc'>01131</span> <span class='ocrx_word' id='word_1_59' title='bbox 1741 754 1853 812; x_wconf 90' lang='lat' dir='ltr'><strong>hae</strong></span> <span class='ocrx_word' id='word_1_60' title='bbox 1906 746 2210 812; x_wconf 63' lang='lat' dir='ltr'><strong>breviores</strong></span> 
     </span>
     <span class='ocr_line' id='line_1_8' title="bbox 180 843 2207 920; baseline -0.001 -17"><span class='ocrx_word' id='word_1_61' title='bbox 180 844 402 903; x_wconf 83' lang='lat' dir='ltr'><strong>formae</strong></span> <span class='ocrx_word' id='word_1_62' title='bbox 439 843 708 903; x_wconf 73' lang='lat' dir='ltr'><strong>litteram</strong></span> <span class='ocrx_word' id='word_1_63' title='bbox 751 864 790 901; x_wconf 80' lang='grc' dir='ltr'><strong><em>κ</em></strong></span> <span class='ocrx_word' id='word_1_64' title='bbox 835 845 1178 902; x_wconf 67' lang='lat' dir='ltr'>constanter</span> <span class='ocrx_word' id='word_1_65' title='bbox 1209 845 1555 918; x_wconf 83' lang='lat' dir='ltr'><strong>respuentes</strong></span> <span class='ocrx_word' id='word_1_66' title='bbox 1594 843 1885 920; x_wconf 75' lang='lat' dir='ltr'><strong>singulari</strong></span> <span class='ocrx_word' id='word_1_67' title='bbox 1921 859 2207 901; x_wconf 79' lang='lat' dir='ltr'><strong>consensu</strong></span> 
     </span>
     <span class='ocr_line' id='line_1_9' title="bbox 181 923 2208 1015; baseline -0.002 -22"><span class='ocrx_word' id='word_1_68' title='bbox 181 935 474 1009; x_wconf 75' lang='lat' dir='ltr'><strong>incipiant</strong></span> <span class='ocrx_word' id='word_1_69' title='bbox 528 951 567 990; x_wconf 84' lang='lat' dir='ltr'><strong>a</strong></span> <span class='ocrx_word' id='word_1_70' title='bbox 622 932 828 990; x_wconf 88' lang='lat' dir='ltr'><strong>littera</strong></span> <span class='ocrx_word' id='word_1_71' title='bbox 882 951 928 990; x_wconf 76' lang='lat' dir='ltr'><strong>:m</strong></span> <span class='ocrx_word' id='word_1_72' title='bbox 982 924 1127 1015; x_wconf 72' lang='grc' dir='ltr'><strong>(πῃ,</strong></span> <span class='ocrx_word' id='word_1_73' title='bbox 1169 950 1327 1009; x_wconf 75' lang='grc' dir='ltr'><em>πως,</em></span> <span class='ocrx_word' id='word_1_74' title='bbox 1370 950 1494 1009; x_wconf 80' lang='grc' dir='ltr'><strong>πω,</strong></span> <span class='ocrx_word' id='word_1_75' title='bbox 1539 951 1706 1008; x_wconf 83' lang='grc' dir='ltr'><strong>ποτε,</strong></span> <span class='ocrx_word' id='word_1_76' title='bbox 1752 923 1994 1013; x_wconf 81' lang='grc' dir='ltr'><strong>ποσος),</strong></span> <span class='ocrx_word' id='word_1_77' title='bbox 2060 930 2208 1006; x_wconf 88' lang='lat' dir='ltr'><strong>quid</strong></span> 
     </span>
     <span class='ocr_line' id='line_1_10' title="bbox 179 1019 2210 1098; baseline -0.001 -17"><span class='ocrx_word' id='word_1_78' title='bbox 179 1025 291 1097; x_wconf 88' lang='lat' dir='ltr'><strong>est,</strong></span> <span class='ocrx_word' id='word_1_79' title='bbox 337 1041 445 1081; x_wconf 85' lang='lat' dir='ltr'><strong>our</strong></span> <span class='ocrx_word' id='word_1_80' title='bbox 488 1021 552 1079; x_wconf 91' lang='lat' dir='ltr'><strong>in</strong></span> <span class='ocrx_word' id='word_1_81' title='bbox 595 1021 705 1079; x_wconf 89' lang='lat' dir='ltr'><strong>illo</strong></span> <span class='ocrx_word' id='word_1_82' title='bbox 745 1021 936 1079; x_wconf 79' lang='lat' dir='ltr'><strong>altero</strong></span> <span class='ocrx_word' id='word_1_83' title='bbox 983 1037 1195 1098; x_wconf 85' lang='lat' dir='ltr'><strong>genere</strong></span> <span class='ocrx_word' id='word_1_84' title='bbox 1240 1020 1568 1079; x_wconf 71' lang='lat' dir='ltr'><strong>formarum</strong></span> <span class='ocrx_word' id='word_1_85' title='bbox 1614 1040 1649 1079; x_wconf 86' lang='lat' dir='ltr'><strong>a</strong></span> <span class='ocrx_word' id='word_1_86' title='bbox 1693 1019 1955 1096; x_wconf 77' lang='lat' dir='ltr'><strong>praefixa</strong></span> <span class='ocrx_word' id='word_1_87' title='bbox 1999 1021 2210 1079; x_wconf 69' lang='lat' dir='ltr'><strong>littera</strong></span> 
     </span>
     <span class='ocr_line' id='line_1_11' title="bbox 180 1106 2207 1191; baseline -0.001 -20"><span class='ocrx_word' id='word_1_88' title='bbox 180 1108 213 1172; x_wconf 79' lang='grc' dir='ltr'><strong>ὁ</strong></span> <span class='ocrx_word' id='word_1_89' title='bbox 249 1110 615 1170; x_wconf 57' lang='lat' dir='ltr'><strong>ordinantium</strong></span> <span class='ocrx_word' id='word_1_90' title='bbox 645 1108 985 1184; x_wconf 78' lang='lat' dir='ltr'><strong>recipienda</strong></span> <span class='ocrx_word' id='word_1_91' title='bbox 1020 1127 1145 1169; x_wconf 88' lang='lat' dir='ltr'><strong>esse</strong></span> <span class='ocrx_word' id='word_1_92' title='bbox 1183 1109 1586 1168; x_wconf 82' lang='lat' dir='ltr'><strong>existimemus</strong></span> <span class='ocrx_word' id='word_1_93' title='bbox 1624 1107 1766 1191; x_wconf 78' lang='grc' dir='ltr'><strong>ὅκῃ,</strong></span> <span class='ocrx_word' id='word_1_94' title='bbox 1804 1107 1984 1186; x_wconf 72' lang='grc' dir='ltr'><em>ὅπως,</em></span> <span class='ocrx_word' id='word_1_95' title='bbox 2022 1106 2207 1186; x_wconf 78' lang='grc' dir='ltr'><strong><em>ὁκότε,</em></strong></span> 
     </span>
    </p>
   </div>
   <div class='ocr_carea' id='block_1_3' title="bbox 46 1194 2208 1280">
    <p class='ocr_par' dir='ltr' id='par_1_3' title="bbox 46 1194 2208 1280">
     <span class='ocr_line' id='line_1_12' title="bbox 46 1194 2208 1280; baseline -0.002 -20"><span class='ocrx_word' id='word_1_96' title='bbox 46 1209 57 1215; x_wconf 89' lang='grc'><strong>’</strong></span> <span class='ocrx_word' id='word_1_97' title='bbox 180 1197 415 1277; x_wconf 73' lang='grc' dir='ltr'><strong><em>ὁκόσος,</em></strong></span> <span class='ocrx_word' id='word_1_98' title='bbox 470 1200 823 1275; x_wconf 82' lang='lat' dir='ltr'><strong>praesertim</strong></span> <span class='ocrx_word' id='word_1_99' title='bbox 876 1217 1011 1257; x_wconf 86' lang='grc'>01113</span> <span class='ocrx_word' id='word_1_100' title='bbox 1066 1195 1306 1275; x_wconf 74' lang='grc' dir='ltr'><strong><em>ὁποῖον,</em></strong></span> <span class='ocrx_word' id='word_1_101' title='bbox 1362 1196 1511 1280; x_wconf 78' lang='grc' dir='ltr'>ὅπῃ,</span> <span class='ocrx_word' id='word_1_102' title='bbox 1566 1196 1756 1276; x_wconf 78' lang='grc' dir='ltr'><em>ὅπως,</em></span> <span class='ocrx_word' id='word_1_103' title='bbox 1810 1194 1983 1258; x_wconf 81' lang='grc' dir='ltr'><strong><em>ὁπότε</em></strong></span> <span class='ocrx_word' id='word_1_104' title='bbox 2027 1199 2208 1256; x_wconf 81' lang='lat' dir='ltr'><strong>toties</strong></span> 
     </span>
    </p>
   </div>
   <div class='ocr_carea' id='block_1_4' title="bbox 177 1284 2220 3585">
    <p class='ocr_par' dir='ltr' id='par_1_4' title="bbox 177 1284 2218 3585">
     <span class='ocr_line' id='line_1_13' title="bbox 183 1284 2210 1364; baseline -0.001 -17"><span class='ocrx_word' id='word_1_105' title='bbox 183 1287 454 1348; x_wconf 84' lang='lat' dir='ltr'><strong>omnibus</strong></span> <span class='ocrx_word' id='word_1_106' title='bbox 481 1287 783 1347; x_wconf 75' lang='lat' dir='ltr'><strong>codicibus</strong></span> <span class='ocrx_word' id='word_1_107' title='bbox 811 1289 1160 1347; x_wconf 86' lang='lat' dir='ltr'><strong>oonservata</strong></span> <span class='ocrx_word' id='word_1_108' title='bbox 1185 1284 1600 1364; x_wconf 76' lang='lat' dir='ltr'><strong>reperiantur?</strong></span> <span class='ocrx_word' id='word_1_109' title='bbox 1653 1287 1915 1345; x_wconf 87' lang='lat' dir='ltr'><strong>Numero</strong></span> <span class='ocrx_word' id='word_1_110' title='bbox 1943 1287 2210 1363; x_wconf 87' lang='lat' dir='ltr'><strong>praestet</strong></span> 
     </span>
     <span class='ocr_line' id='line_1_14' title="bbox 180 1374 2209 1454; baseline -0.001 -18"><span class='ocrx_word' id='word_1_111' title='bbox 180 1395 319 1436; x_wconf 85' lang='lat' dir='ltr'><strong>sane</strong></span> <span class='ocrx_word' id='word_1_112' title='bbox 353 1377 537 1451; x_wconf 75' lang='lat' dir='ltr'><strong>illud,</strong></span> <span class='ocrx_word' id='word_1_113' title='bbox 581 1379 710 1435; x_wconf 76' lang='lat' dir='ltr'><strong>veri</strong></span> <span class='ocrx_word' id='word_1_114' title='bbox 745 1378 891 1435; x_wconf 84' lang='lat' dir='ltr'><strong>satis</strong></span> <span class='ocrx_word' id='word_1_115' title='bbox 928 1377 1122 1435; x_wconf 81' lang='lat' dir='ltr'><strong>multa</strong></span> <span class='ocrx_word' id='word_1_116' title='bbox 1158 1376 1427 1451; x_wconf 86' lang='lat' dir='ltr'><strong>exempla</strong></span> <span class='ocrx_word' id='word_1_117' title='bbox 1460 1374 1696 1454; x_wconf 86' lang='lat' dir='ltr'><strong>integra</strong></span> <span class='ocrx_word' id='word_1_118' title='bbox 1732 1378 1982 1434; x_wconf 79' lang='lat' dir='ltr'><strong>exstant.</strong></span> <span class='ocrx_word' id='word_1_119' title='bbox 2047 1376 2209 1433; x_wconf 83' lang='lat' dir='ltr'><strong>Nam</strong></span> 
     </span>
     <span class='ocr_line' id='line_1_15' title="bbox 177 1464 2207 1541; baseline -0 -17"><span class='ocrx_word' id='word_1_120' title='bbox 177 1468 241 1524; x_wconf 90' lang='lat' dir='ltr'><strong>in</strong></span> <span class='ocrx_word' id='word_1_121' title='bbox 275 1466 480 1540; x_wconf 74' lang='grc'>1111113,</span> <span class='ocrx_word' id='word_1_122' title='bbox 524 1466 630 1541; x_wconf 90' lang='lat' dir='ltr'><strong>qui</strong></span> <span class='ocrx_word' id='word_1_123' title='bbox 665 1467 810 1524; x_wconf 89' lang='lat' dir='ltr'><strong>sunt</strong></span> <span class='ocrx_word' id='word_1_124' title='bbox 843 1465 918 1523; x_wconf 87' lang='lat' dir='ltr'><strong>de</strong></span> <span class='ocrx_word' id='word_1_125' title='bbox 952 1464 1160 1524; x_wconf 76' lang='lat' dir='ltr'><strong>fraetis</strong></span> <span class='ocrx_word' id='word_1_126' title='bbox 1199 1466 1260 1523; x_wconf 88' lang='lat' dir='ltr'><strong>et</strong></span> <span class='ocrx_word' id='word_1_127' title='bbox 1296 1465 1367 1523; x_wconf 90' lang='lat' dir='ltr'><strong>de</strong></span> <span class='ocrx_word' id='word_1_128' title='bbox 1405 1466 1794 1524; x_wconf 85' lang='lat' dir='ltr'><strong>articulorum</strong></span> <span class='ocrx_word' id='word_1_129' title='bbox 1828 1466 2207 1540; x_wconf 75' lang='lat' dir='ltr'><strong>repositione,</strong></span> 
     </span>
     <span class='ocr_line' id='line_1_16' title="bbox 185 1553 2214 1631; baseline -0.001 -18"><span class='ocrx_word' id='word_1_130' title='bbox 185 1573 548 1630; x_wconf 83' lang='lat' dir='ltr'><strong>quamquam</strong></span> <span class='ocrx_word' id='word_1_131' title='bbox 609 1556 865 1631; x_wconf 86' lang='lat' dir='ltr'><strong>triginta</strong></span> <span class='ocrx_word' id='word_1_132' title='bbox 927 1556 1213 1630; x_wconf 86' lang='lat' dir='ltr'><strong>quattuor</strong></span> <span class='ocrx_word' id='word_1_133' title='bbox 1274 1553 1423 1612; x_wconf 85' lang='grc'>10013</span> <span class='ocrx_word' id='word_1_134' title='bbox 1486 1572 1688 1613; x_wconf 87' lang='lat' dir='ltr'><strong>omnes</strong></span> <span class='ocrx_word' id='word_1_135' title='bbox 1745 1572 1864 1612; x_wconf 91' lang='lat' dir='ltr'><strong>uno</strong></span> <span class='ocrx_word' id='word_1_136' title='bbox 1921 1571 2214 1614; x_wconf 83' lang='lat' dir='ltr'><strong>consensu.</strong></span> 
     </span>
     <span class='ocr_line' id='line_1_17' title="bbox 181 1639 2210 1718; baseline 0.001 -16"><span class='ocrx_word' id='word_1_137' title='bbox 181 1642 413 1702; x_wconf 80' lang='lat' dir='ltr'><strong>oodiees</strong></span> <span class='ocrx_word' id='word_1_138' title='bbox 453 1643 747 1718; x_wconf 84' lang='lat' dir='ltr'><strong>praebent</strong></span> <span class='ocrx_word' id='word_1_139' title='bbox 787 1640 918 1717; x_wconf 52' lang='lat' dir='ltr'><strong>ow,</strong></span> <span class='ocrx_word' id='word_1_140' title='bbox 962 1646 1168 1703; x_wconf 86' lang='lat' dir='ltr'><strong>tamen</strong></span> <span class='ocrx_word' id='word_1_141' title='bbox 1209 1641 1486 1701; x_wconf 81' lang='lat' dir='ltr'><strong>undecies</strong></span> <span class='ocrx_word' id='word_1_142' title='bbox 1532 1643 1740 1701; x_wconf 87' lang='lat' dir='ltr'><strong>eodem</strong></span> <span class='ocrx_word' id='word_1_143' title='bbox 1773 1645 2063 1702; x_wconf 78' lang='lat' dir='ltr'><strong>concentu</strong></span> <span class='ocrx_word' id='word_1_144' title='bbox 2100 1639 2210 1703; x_wconf 77' lang='grc' dir='ltr'><strong>ὁπ-</strong></span> 
     </span>
     <span class='ocr_line' id='line_1_18' title="bbox 181 1730 2210 1808; baseline 0 -19"><span class='ocrx_word' id='word_1_145' title='bbox 181 1732 517 1806; x_wconf 78' lang='lat' dir='ltr'><strong>exhibetur·</strong></span> <span class='ocrx_word' id='word_1_146' title='bbox 544 1732 789 1807; x_wconf 82' lang='lat' dir='ltr'><strong>reliquis</strong></span> <span class='ocrx_word' id='word_1_147' title='bbox 817 1731 1129 1808; x_wconf 72' lang='lat' dir='ltr'><strong>sexaginta</strong></span> <span class='ocrx_word' id='word_1_148' title='bbox 1145 1733 1408 1807; x_wconf 88' lang='lat' dir='ltr'><strong>quinque</strong></span> <span class='ocrx_word' id='word_1_149' title='bbox 1435 1731 1579 1790; x_wconf 85' lang='lat' dir='ltr'><strong>locis</strong></span> <span class='ocrx_word' id='word_1_150' title='bbox 1599 1730 1828 1790; x_wconf 80' lang='lat' dir='ltr'><strong>codices</strong></span> <span class='ocrx_word' id='word_1_151' title='bbox 1849 1731 2210 1790; x_wconf 62' lang='lat' dir='ltr'><strong>dissentiunt</strong></span> 
     </span>
     <span class='ocr_line' id='line_1_19' title="bbox 183 1812 2207 1901; baseline -0.001 -21"><span class='ocrx_word' id='word_1_152' title='bbox 183 1823 245 1880; x_wconf 87' lang='lat' dir='ltr'><strong>et</strong></span> <span class='ocrx_word' id='word_1_153' title='bbox 267 1822 621 1896; x_wconf 87' lang='lat' dir='ltr'><strong>plerumque</strong></span> <span class='ocrx_word' id='word_1_154' title='bbox 647 1821 737 1879; x_wconf 88' lang='lat' dir='ltr'><strong>ita</strong></span> <span class='ocrx_word' id='word_1_155' title='bbox 772 1821 931 1879; x_wconf 87' lang='lat' dir='ltr'><strong>inter</strong></span> <span class='ocrx_word' id='word_1_156' title='bbox 967 1838 1029 1880; x_wconf 86' lang='lat' dir='ltr'><strong>se</strong></span> <span class='ocrx_word' id='word_1_157' title='bbox 1067 1820 1485 1894; x_wconf 75' lang='lat' dir='ltr'><strong>adversantur,</strong></span> <span class='ocrx_word' id='word_1_158' title='bbox 1522 1822 1592 1878; x_wconf 90' lang='lat' dir='ltr'><strong>ut</strong></span> <span class='ocrx_word' id='word_1_159' title='bbox 1627 1819 2067 1879; x_wconf 76' lang='lat' dir='ltr'><strong>Laurentianus</strong></span> <span class='ocrx_word' id='word_1_160' title='bbox 2097 1812 2207 1901; x_wconf 92' lang='lat' dir='ltr'><strong>(B)</strong></span> 
     </span>
     <span class='ocr_line' id='line_1_20' title="bbox 180 1900 2205 1991; baseline 0 -22"><span class='ocrx_word' id='word_1_161' title='bbox 180 1909 336 1970; x_wconf 84' lang='lat' dir='ltr'><strong>ferat</strong></span> <span class='ocrx_word' id='word_1_162' title='bbox 383 1906 523 1985; x_wconf 82' lang='grc' dir='ltr'><em>ὅπ-,</em></span> <span class='ocrx_word' id='word_1_163' title='bbox 563 1908 901 1970; x_wconf 85' lang='lat' dir='ltr'><strong>Marcianus</strong></span> <span class='ocrx_word' id='word_1_164' title='bbox 947 1901 1065 1991; x_wconf 87' lang='lat' dir='ltr'><strong>(M)</strong></span> <span class='ocrx_word' id='word_1_165' title='bbox 1112 1908 1557 1986; x_wconf 78' lang='lat' dir='ltr'><strong>Vaticanusque</strong></span> <span class='ocrx_word' id='word_1_166' title='bbox 1605 1900 1717 1991; x_wconf 87' lang='lat' dir='ltr'><strong>(V)</strong></span> <span class='ocrx_word' id='word_1_167' title='bbox 1763 1910 2045 1969; x_wconf 85' lang='lat' dir='ltr'><strong>tueantur</strong></span> <span class='ocrx_word' id='word_1_168' title='bbox 2090 1906 2205 1970; x_wconf 43' lang='grc' dir='ltr'><strong>ὅπη</strong></span> 
     </span>
     <span class='ocr_line' id='line_1_21' title="bbox 179 1998 2209 2075; baseline 0 -17"><span class='ocrx_word' id='word_1_169' title='bbox 179 1999 350 2058; x_wconf 71' lang='lat' dir='ltr'><strong>Illius</strong></span> <span class='ocrx_word' id='word_1_170' title='bbox 390 1999 714 2059; x_wconf 81' lang='lat' dir='ltr'><strong>auctoritas</strong></span> <span class='ocrx_word' id='word_1_171' title='bbox 750 1998 1135 2058; x_wconf 81' lang='lat' dir='ltr'><strong>confirmatur</strong></span> <span class='ocrx_word' id='word_1_172' title='bbox 1169 2000 1583 2075; x_wconf 83' lang='lat' dir='ltr'><strong>antiquissimo</strong></span> <span class='ocrx_word' id='word_1_173' title='bbox 1622 2000 1746 2059; x_wconf 83' lang='lat' dir='ltr'><strong>cod</strong></span> <span class='ocrx_word' id='word_1_174' title='bbox 1765 1998 2209 2059; x_wconf 82' lang='lat' dir='ltr'><strong>Vindobonensi</strong></span> 
     </span>
     <span class='ocr_line' id='line_1_22' title="bbox 182 2080 2209 2169; baseline 0 -22"><span class='ocrx_word' id='word_1_175' title='bbox 182 2080 287 2169; x_wconf 72' lang='grc' dir='ltr'><strong>(θ’)</strong></span> <span class='ocrx_word' id='word_1_176' title='bbox 332 2089 556 2147; x_wconf 76' lang='lat' dir='ltr'><strong>saeculi</strong></span> <span class='ocrx_word' id='word_1_177' title='bbox 601 2088 837 2163; x_wconf 81' lang='lat' dir='ltr'><strong>decimi,</strong></span> <span class='ocrx_word' id='word_1_178' title='bbox 895 2089 1000 2164; x_wconf 90' lang='lat' dir='ltr'><strong>qui</strong></span> <span class='ocrx_word' id='word_1_179' title='bbox 1044 2089 1168 2147; x_wconf 86' lang='lat' dir='ltr'><strong>fere</strong></span> <span class='ocrx_word' id='word_1_180' title='bbox 1222 2106 1454 2165; x_wconf 84' lang='lat' dir='ltr'><strong>semper</strong></span> <span class='ocrx_word' id='word_1_181' title='bbox 1507 2085 1615 2149; x_wconf 79' lang='grc' dir='ltr'>ὄπ·-</span> <span class='ocrx_word' id='word_1_182' title='bbox 1659 2108 1769 2163; x_wconf 89' lang='lat' dir='ltr'><strong>pro</strong></span> <span class='ocrx_word' id='word_1_183' title='bbox 1814 2087 2209 2148; x_wconf 80' lang='lat' dir='ltr'><strong>recentiorum</strong></span> 
     </span>
     <span class='ocr_line' id='line_1_23' title="bbox 182 2173 2207 2255; baseline -0.001 -18"><span class='ocrx_word' id='word_1_184' title='bbox 182 2173 310 2255; x_wconf 76' lang='grc' dir='ltr'><em>ὅκ-,</em></span> <span class='ocrx_word' id='word_1_185' title='bbox 349 2174 518 2254; x_wconf 81' lang='grc' dir='ltr'><em>ὅσος,</em></span> <span class='ocrx_word' id='word_1_186' title='bbox 555 2196 673 2236; x_wconf 89' lang='lat' dir='ltr'><strong>non</strong></span> <span class='ocrx_word' id='word_1_187' title='bbox 712 2173 921 2248; x_wconf 80' lang='grc' dir='ltr'><strong><em>ὁκόσος</em></strong></span> <span class='ocrx_word' id='word_1_188' title='bbox 966 2177 1235 2251; x_wconf 79' lang='lat' dir='ltr'><strong>exhibet,</strong></span> <span class='ocrx_word' id='word_1_189' title='bbox 1276 2178 1350 2236; x_wconf 75' lang='lat' dir='ltr'><strong>of.</strong></span> <span class='ocrx_word' id='word_1_190' title='bbox 1388 2176 1532 2235; x_wconf 89' lang='lat' dir='ltr'><strong>Litt.</strong></span> <span class='ocrx_word' id='word_1_191' title='bbox 1568 2177 1652 2252; x_wconf 88' lang='lat' dir='ltr'><strong>X,</strong></span> <span class='ocrx_word' id='word_1_192' title='bbox 1688 2195 1905 2252; x_wconf 76' lang='lat' dir='ltr'><strong>vam,</strong></span> <span class='ocrx_word' id='word_1_193' title='bbox 1949 2178 1987 2235; x_wconf 89' lang='lat'><strong>1.</strong></span> <span class='ocrx_word' id='word_1_194' title='bbox 2018 2179 2060 2236; x_wconf 87' lang='lat'>4</span> <span class='ocrx_word' id='word_1_195' title='bbox 2080 2196 2207 2254; x_wconf 90' lang='lat' dir='ltr'><strong>sqq.</strong></span> 
     </span>
     <span class='ocr_line' id='line_1_24' title="bbox 180 2265 2208 2342; baseline 0 -18"><span class='ocrx_word' id='word_1_196' title='bbox 180 2265 396 2341; x_wconf 80' lang='lat' dir='ltr'><strong>Itaque</strong></span> <span class='ocrx_word' id='word_1_197' title='bbox 444 2265 603 2341; x_wconf 86' lang='lat' dir='ltr'><strong>quod</strong></span> <span class='ocrx_word' id='word_1_198' title='bbox 643 2268 709 2323; x_wconf 87' lang='lat' dir='ltr'><strong>in</strong></span> <span class='ocrx_word' id='word_1_199' title='bbox 755 2265 986 2325; x_wconf 80' lang='lat' dir='ltr'><strong>duobus</strong></span> <span class='ocrx_word' id='word_1_200' title='bbox 1023 2266 1218 2340; x_wconf 73' lang='lat' dir='ltr'><strong>fibris,</strong></span> <span class='ocrx_word' id='word_1_201' title='bbox 1265 2266 1370 2341; x_wconf 91' lang='lat' dir='ltr'><strong>qui</strong></span> <span class='ocrx_word' id='word_1_202' title='bbox 1412 2268 1554 2325; x_wconf 89' lang='lat' dir='ltr'><strong>sunt</strong></span> <span class='ocrx_word' id='word_1_203' title='bbox 1590 2265 1662 2324; x_wconf 89' lang='lat' dir='ltr'><strong>de</strong></span> <span class='ocrx_word' id='word_1_204' title='bbox 1700 2266 1914 2342; x_wconf 82' lang='lat' dir='ltr'><strong>eapitis</strong></span> <span class='ocrx_word' id='word_1_205' title='bbox 1949 2266 2208 2326; x_wconf 67' lang='lat' dir='ltr'><strong>vulneri-</strong></span> 
     </span>
     <span class='ocr_line' id='line_1_25' title="bbox 180 2352 2210 2432; baseline 0 -19"><span class='ocrx_word' id='word_1_206' title='bbox 180 2354 297 2413; x_wconf 62' lang='lat' dir='ltr'><strong>bus‘</strong></span> <span class='ocrx_word' id='word_1_207' title='bbox 344 2356 408 2413; x_wconf 89' lang='lat' dir='ltr'><strong>et</strong></span> <span class='ocrx_word' id='word_1_208' title='bbox 462 2354 533 2412; x_wconf 88' lang='lat' dir='ltr'><strong>de</strong></span> <span class='ocrx_word' id='word_1_209' title='bbox 588 2353 827 2413; x_wconf 79' lang='lat' dir='ltr'><strong>officina</strong></span> <span class='ocrx_word' id='word_1_210' title='bbox 880 2354 1123 2429; x_wconf 83' lang='lat' dir='ltr'><strong>medici,</strong></span> <span class='ocrx_word' id='word_1_211' title='bbox 1179 2356 1462 2413; x_wconf 83' lang='lat' dir='ltr'><strong>continuo</strong></span> <span class='ocrx_word' id='word_1_212' title='bbox 1517 2352 1617 2415; x_wconf 80' lang='grc' dir='ltr'><strong>ὅκ-</strong></span> <span class='ocrx_word' id='word_1_213' title='bbox 1673 2358 1911 2432; x_wconf 81' lang='lat' dir='ltr'><strong>scripsi,</strong></span> <span class='ocrx_word' id='word_1_214' title='bbox 1973 2356 2210 2415; x_wconf 81' lang='lat' dir='ltr'><strong>veniam</strong></span> 
     </span>
     <span class='ocr_line' id='line_1_26' title="bbox 181 2442 2209 2519; baseline 0.001 -19"><span class='ocrx_word' id='word_1_215' title='bbox 181 2443 332 2500; x_wconf 79' lang='lat' dir='ltr'><strong>mihi</strong></span> <span class='ocrx_word' id='word_1_216' title='bbox 384 2445 736 2518; x_wconf 85' lang='lat' dir='ltr'><strong>praesertim</strong></span> <span class='ocrx_word' id='word_1_217' title='bbox 789 2444 855 2501; x_wconf 91' lang='lat' dir='ltr'><strong>in</strong></span> <span class='ocrx_word' id='word_1_218' title='bbox 907 2445 1037 2502; x_wconf 85' lang='lat' dir='ltr'><strong>tam</strong></span> <span class='ocrx_word' id='word_1_219' title='bbox 1088 2442 1321 2503; x_wconf 83' lang='lat' dir='ltr'><strong>difficili</strong></span> <span class='ocrx_word' id='word_1_220' title='bbox 1376 2446 1720 2519; x_wconf 77' lang='lat' dir='ltr'><strong>quaestione</strong></span> <span class='ocrx_word' id='word_1_221' title='bbox 1772 2445 2039 2503; x_wconf 86' lang='lat' dir='ltr'><strong>futuram</strong></span> <span class='ocrx_word' id='word_1_222' title='bbox 2084 2461 2209 2503; x_wconf 86' lang='lat' dir='ltr'><strong>esse</strong></span> 
     </span>
     <span class='ocr_line' id='line_1_27' title="bbox 183 2531 2212 2608; baseline 0 -18"><span class='ocrx_word' id='word_1_223' title='bbox 183 2549 372 2608; x_wconf 83' lang='lat' dir='ltr'><strong>spero.</strong></span> <span class='ocrx_word' id='word_1_224' title='bbox 455 2531 527 2589; x_wconf 90' lang='lat' dir='ltr'><strong>Id</strong></span> <span class='ocrx_word' id='word_1_225' title='bbox 572 2531 877 2607; x_wconf 76' lang='lat' dir='ltr'><strong>confiteor,</strong></span> <span class='ocrx_word' id='word_1_226' title='bbox 924 2532 977 2591; x_wconf 87' lang='lat' dir='ltr'><strong>si</strong></span> <span class='ocrx_word' id='word_1_227' title='bbox 1018 2534 1237 2591; x_wconf 69' lang='lat' dir='ltr'><strong>iterum</strong></span> <span class='ocrx_word' id='word_1_228' title='bbox 1280 2534 1432 2591; x_wconf 85' lang='lat' dir='ltr'><strong>mihi</strong></span> <span class='ocrx_word' id='word_1_229' title='bbox 1476 2532 1686 2591; x_wconf 87' lang='lat' dir='ltr'><strong>edendi</strong></span> <span class='ocrx_word' id='word_1_230' title='bbox 1733 2535 1943 2606; x_wconf 87' lang='lat' dir='ltr'><strong>essent,</strong></span> <span class='ocrx_word' id='word_1_231' title='bbox 1987 2532 2212 2607; x_wconf 89' lang='lat' dir='ltr'><strong>ubique</strong></span> 
     </span>
     <span class='ocr_line' id='line_1_28' title="bbox 183 2618 2218 2681; baseline 0 -2"><span class='ocrx_word' id='word_1_232' title='bbox 183 2618 292 2680; x_wconf 76' lang='grc' dir='ltr'><strong>ὅπ-</strong></span> <span class='ocrx_word' id='word_1_233' title='bbox 347 2620 519 2679; x_wconf 88' lang='lat' dir='ltr'><strong>edere</strong></span> <span class='ocrx_word' id='word_1_234' title='bbox 573 2641 668 2680; x_wconf 90' lang='lat' dir='ltr'><strong>me</strong></span> <span class='ocrx_word' id='word_1_235' title='bbox 721 2640 842 2680; x_wconf 88' lang='lat' dir='ltr'><strong>non</strong></span> <span class='ocrx_word' id='word_1_236' title='bbox 896 2620 1323 2681; x_wconf 83' lang='lat' dir='ltr'><strong>dubitaturum.</strong></span> <span class='ocrx_word' id='word_1_237' title='bbox 1428 2619 1545 2681; x_wconf 85' lang='lat' dir='ltr'><strong>Sed</strong></span> <span class='ocrx_word' id='word_1_238' title='bbox 1598 2623 1781 2681; x_wconf 77' lang='lat' dir='ltr'><strong>etiam</strong></span> <span class='ocrx_word' id='word_1_239' title='bbox 1836 2623 1920 2680; x_wconf 89' lang='grc'><strong>310</strong></span> <span class='ocrx_word' id='word_1_240' title='bbox 1972 2639 2067 2680; x_wconf 89' lang='lat' dir='ltr'><strong>res</strong></span> <span class='ocrx_word' id='word_1_241' title='bbox 2119 2623 2218 2679; x_wconf 85' lang='lat' dir='ltr'><strong>ita-</strong></span> 
     </span>
     <span class='ocr_line' id='line_1_29' title="bbox 182 2708 2210 2786; baseline 0 -19"><span class='ocrx_word' id='word_1_242' title='bbox 182 2708 428 2768; x_wconf 78' lang='lat' dir='ltr'><strong>ferenda</strong></span> <span class='ocrx_word' id='word_1_243' title='bbox 481 2709 782 2784; x_wconf 83' lang='lat' dir='ltr'><strong>videatur,</strong></span> <span class='ocrx_word' id='word_1_244' title='bbox 844 2712 915 2769; x_wconf 88' lang='lat' dir='ltr'><strong>ut</strong></span> <span class='ocrx_word' id='word_1_245' title='bbox 966 2711 1273 2786; x_wconf 85' lang='lat' dir='ltr'><strong>utriusque</strong></span> <span class='ocrx_word' id='word_1_246' title='bbox 1329 2710 1546 2786; x_wconf 82' lang='lat' dir='ltr'><strong>speciei</strong></span> <span class='ocrx_word' id='word_1_247' title='bbox 1609 2711 1892 2770; x_wconf 82' lang='lat' dir='ltr'><strong>continua</strong></span> <span class='ocrx_word' id='word_1_248' title='bbox 1944 2710 2210 2786; x_wconf 84' lang='lat' dir='ltr'><strong>exempla</strong></span> 
     </span>
     <span class='ocr_line' id='line_1_30' title="bbox 181 2796 2220 2875; baseline 0.001 -20"><span class='ocrx_word' id='word_1_249' title='bbox 181 2796 353 2856; x_wconf 79' lang='lat' dir='ltr'><strong>iuxta</strong></span> <span class='ocrx_word' id='word_1_250' title='bbox 397 2799 463 2855; x_wconf 91' lang='lat' dir='ltr'><strong>in</strong></span> <span class='ocrx_word' id='word_1_251' title='bbox 505 2798 767 2857; x_wconf 84' lang='lat' dir='ltr'><strong>medium</strong></span> <span class='ocrx_word' id='word_1_252' title='bbox 810 2798 1188 2875; x_wconf 83' lang='lat' dir='ltr'><strong>proferantur</strong></span> <span class='ocrx_word' id='word_1_253' title='bbox 1234 2801 1296 2858; x_wconf 87' lang='lat' dir='ltr'><strong>et</strong></span> <span class='ocrx_word' id='word_1_254' title='bbox 1348 2801 1469 2859; x_wconf 89' lang='lat' dir='ltr'><strong>suis</strong></span> <span class='ocrx_word' id='word_1_255' title='bbox 1516 2801 1766 2875; x_wconf 88' lang='lat' dir='ltr'><strong>quisque</strong></span> <span class='ocrx_word' id='word_1_256' title='bbox 1812 2799 2000 2858; x_wconf 88' lang='grc'>0011113</span> <span class='ocrx_word' id='word_1_257' title='bbox 2046 2798 2220 2858; x_wconf 77' lang='lat' dir='ltr'><strong>illico</strong></span> 
     </span>
     <span class='ocr_line' id='line_1_31' title="bbox 185 2877 2216 2967; baseline 0 -22"><span class='ocrx_word' id='word_1_258' title='bbox 185 2877 327 2967; x_wconf 80' lang='grc'>(27,-</span> <span class='ocrx_word' id='word_1_259' title='bbox 360 2878 485 2967; x_wconf 84' lang='lat'><strong>15)</strong></span> <span class='ocrx_word' id='word_1_260' title='bbox 520 2887 648 2963; x_wconf 84' lang='lat' dir='ltr'><strong>ipse</strong></span> <span class='ocrx_word' id='word_1_261' title='bbox 696 2890 925 2956; x_wconf 72' lang='lat' dir='ltr'><strong>cernat,</strong></span> <span class='ocrx_word' id='word_1_262' title='bbox 981 2906 1163 2963; x_wconf 85' lang='lat' dir='ltr'><strong>quam</strong></span> <span class='ocrx_word' id='word_1_263' title='bbox 1213 2907 1334 2947; x_wconf 89' lang='lat' dir='ltr'><strong>non</strong></span> <span class='ocrx_word' id='word_1_264' title='bbox 1378 2888 1696 2947; x_wconf 76' lang='lat' dir='ltr'><strong>verisimile</strong></span> <span class='ocrx_word' id='word_1_265' title='bbox 1752 2890 2007 2947; x_wconf 81' lang='lat' dir='ltr'><strong>evaserit</strong></span> <span class='ocrx_word' id='word_1_266' title='bbox 2059 2888 2216 2946; x_wconf 69' lang='lat' dir='ltr'><strong>illud}</strong></span> 
     </span>
     <span class='ocr_line' id='line_1_32' title="bbox 183 2976 2151 3057; baseline 0.001 -24"><span class='ocrx_word' id='word_1_267' title='bbox 183 2995 293 3057; x_wconf 76' lang='grc' dir='ltr'><strong>κῃ,</strong></span> <span class='ocrx_word' id='word_1_268' title='bbox 336 2993 456 3051; x_wconf 90' lang='lat' dir='ltr'><strong>quo</strong></span> <span class='ocrx_word' id='word_1_269' title='bbox 503 2976 767 3034; x_wconf 84' lang='lat' dir='ltr'><strong>studium</strong></span> <span class='ocrx_word' id='word_1_270' title='bbox 811 2976 1137 3037; x_wconf 81' lang='lat' dir='ltr'><strong>formamm</strong></span> <span class='ocrx_word' id='word_1_271' title='bbox 1180 2998 1219 3035; x_wconf 79' lang='grc' dir='ltr'><strong><em>κ</em></strong></span> <span class='ocrx_word' id='word_1_272' title='bbox 1260 2976 1690 3036; x_wconf 73' lang='lat' dir='ltr'><strong>includentium</strong></span> <span class='ocrx_word' id='word_1_273' title='bbox 1732 2996 1827 3036; x_wconf 89' lang='lat' dir='ltr'><strong>me</strong></span> <span class='ocrx_word' id='word_1_274' title='bbox 1873 2977 2151 3052; x_wconf 83' lang='lat' dir='ltr'><strong>abripuit.</strong></span> 
     </span>
     <span class='ocr_line' id='line_1_33' title="bbox 316 3064 2210 3138; baseline 0.002 -16"><span class='ocrx_word' id='word_1_275' title='bbox 316 3064 548 3124; x_wconf 90' lang='lat' dir='ltr'><strong>Deinde</strong></span> <span class='ocrx_word' id='word_1_276' title='bbox 593 3064 906 3124; x_wconf 83' lang='lat' dir='ltr'><strong>dicendum</strong></span> <span class='ocrx_word' id='word_1_277' title='bbox 939 3066 1090 3125; x_wconf 86' lang='lat' dir='ltr'><strong>mihi</strong></span> <span class='ocrx_word' id='word_1_278' title='bbox 1125 3065 1363 3124; x_wconf 83' lang='lat' dir='ltr'><strong>videtur</strong></span> <span class='ocrx_word' id='word_1_279' title='bbox 1398 3065 1471 3124; x_wconf 90' lang='lat' dir='ltr'><strong>de</strong></span> <span class='ocrx_word' id='word_1_280' title='bbox 1507 3066 1766 3125; x_wconf 82' lang='lat' dir='ltr'><strong>formis</strong></span> <span class='ocrx_word' id='word_1_281' title='bbox 1748 3086 1813 3124; x_wconf 88' lang='grc'><strong>111</strong></span> <span class='ocrx_word' id='word_1_282' title='bbox 1850 3086 1966 3138; x_wconf 80' lang='grc' dir='ltr'><strong><em>-εες</em></strong></span> <span class='ocrx_word' id='word_1_283' title='bbox 2002 3066 2210 3126; x_wconf 81' lang='lat' dir='ltr'><strong>eaden-</strong></span> 
     </span>
     <span class='ocr_line' id='line_1_34' title="bbox 183 3152 2210 3231; baseline 0.002 -21"><span class='ocrx_word' id='word_1_284' title='bbox 183 3152 373 3227; x_wconf 87' lang='lat' dir='ltr'><strong>tibus,</strong></span> <span class='ocrx_word' id='word_1_285' title='bbox 429 3170 576 3228; x_wconf 89' lang='lat' dir='ltr'><strong>quas</strong></span> <span class='ocrx_word' id='word_1_286' title='bbox 623 3172 827 3213; x_wconf 89' lang='lat' dir='ltr'><strong>omnes</strong></span> <span class='ocrx_word' id='word_1_287' title='bbox 878 3173 998 3213; x_wconf 88' lang='lat' dir='ltr'><strong>non</strong></span> <span class='ocrx_word' id='word_1_288' title='bbox 1051 3156 1316 3215; x_wconf 81' lang='lat' dir='ltr'><strong>mutatas</strong></span> <span class='ocrx_word' id='word_1_289' title='bbox 1368 3158 1580 3231; x_wconf 83' lang='lat' dir='ltr'><strong>recepi.</strong></span> <span class='ocrx_word' id='word_1_290' title='bbox 1671 3155 1913 3214; x_wconf 80' lang='lat' dir='ltr'><strong>Etenim</strong></span> <span class='ocrx_word' id='word_1_291' title='bbox 1956 3155 2210 3214; x_wconf 84' lang='lat' dir='ltr'><strong>Adolfus</strong></span> 
     </span>
     <span class='ocr_line' id='line_1_35' title="bbox 185 3240 2211 3319; baseline 0.002 -19"><span class='ocrx_word' id='word_1_292' title='bbox 185 3240 447 3318; x_wconf 67' lang='lat' dir='ltr'><strong>Frstsch,</strong></span> <span class='ocrx_word' id='word_1_293' title='bbox 500 3243 856 3302; x_wconf 85' lang='lat' dir='ltr'><strong>novissimus</strong></span> <span class='ocrx_word' id='word_1_294' title='bbox 909 3242 1200 3303; x_wconf 86' lang='lat' dir='ltr'><strong>Herodoti</strong></span> <span class='ocrx_word' id='word_1_295' title='bbox 1254 3242 1472 3318; x_wconf 81' lang='lat' dir='ltr'><strong>editor,</strong></span> <span class='ocrx_word' id='word_1_296' title='bbox 1525 3244 1744 3319; x_wconf 89' lang='lat' dir='ltr'><strong>ubique</strong></span> <span class='ocrx_word' id='word_1_297' title='bbox 1799 3245 2019 3304; x_wconf 88' lang='lat' dir='ltr'><strong>formas</strong></span> <span class='ocrx_word' id='word_1_298' title='bbox 2076 3264 2211 3304; x_wconf 87' lang='grc'>0011-</span> 
     </span>
     <span class='ocr_line' id='line_1_36' title="bbox 185 3326 2210 3414; baseline 0.001 -27"><span class='ocrx_word' id='word_1_299' title='bbox 185 3330 410 3389; x_wconf 86' lang='lat' dir='ltr'><strong>traotas</strong></span> <span class='ocrx_word' id='word_1_300' title='bbox 466 3329 646 3390; x_wconf 85' lang='lat' dir='ltr'><strong>dedit.</strong></span> <span class='ocrx_word' id='word_1_301' title='bbox 739 3330 850 3390; x_wconf 81' lang='lat' dir='ltr'><strong>Oui</strong></span> <span class='ocrx_word' id='word_1_302' title='bbox 894 3334 1214 3391; x_wconf 86' lang='lat' dir='ltr'><strong>assentitur</strong></span> <span class='ocrx_word' id='word_1_303' title='bbox 1259 3330 1403 3392; x_wconf 86' lang='lat' dir='ltr'><strong>Otto</strong></span> <span class='ocrx_word' id='word_1_304' title='bbox 1439 3332 1761 3392; x_wconf 89' lang='lat' dir='ltr'><strong>Hoffmann</strong></span> <span class='ocrx_word' id='word_1_305' title='bbox 1808 3326 1948 3414; x_wconf 87' lang='lat' dir='ltr'><strong>(Die</strong></span> <span class='ocrx_word' id='word_1_306' title='bbox 1994 3334 2210 3409; x_wconf 85' lang='lat' dir='ltr'><strong>grieoh.</strong></span> 
     </span>
     <span class='ocr_line' id='line_1_37' title="bbox 189 3413 2210 3498; baseline 0.001 -24"><span class='ocrx_word' id='word_1_307' title='bbox 189 3415 490 3495; x_wconf 81' lang='lat' dir='ltr'><strong>Dialekte,</strong></span> <span class='ocrx_word' id='word_1_308' title='bbox 549 3422 606 3479; x_wconf 89' lang='lat'><strong>3.</strong></span> <span class='ocrx_word' id='word_1_309' title='bbox 652 3420 762 3479; x_wconf 89' lang='lat' dir='ltr'><strong>Bd.</strong></span> <span class='ocrx_word' id='word_1_310' title='bbox 817 3420 938 3480; x_wconf 90' lang='lat' dir='ltr'><strong>Der</strong></span> <span class='ocrx_word' id='word_1_311' title='bbox 999 3421 1260 3481; x_wconf 85' lang='lat' dir='ltr'><strong>ionisohe</strong></span> <span class='ocrx_word' id='word_1_312' title='bbox 1324 3421 1593 3497; x_wconf 84' lang='lat' dir='ltr'><strong>Dialekt,</strong></span> <span class='ocrx_word' id='word_1_313' title='bbox 1667 3421 1929 3497; x_wconf 69' lang='lat' dir='ltr'><strong>Gotting.</strong></span> <span class='ocrx_word' id='word_1_314' title='bbox 1992 3413 2210 3498; x_wconf 87' lang='lat'><strong>1898),</strong></span> 
     </span>
     <span class='ocr_line' id='line_1_38' title="bbox 193 3507 2208 3585; baseline -0 -23"><span class='ocrx_word' id='word_1_315' title='bbox 193 3523 327 3565; x_wconf 86' lang='lat' dir='ltr'><strong>oum</strong></span> <span class='ocrx_word' id='word_1_316' title='bbox 353 3530 408 3585; x_wconf 92' lang='lat' dir='ltr'><strong>p.</strong></span> <span class='ocrx_word' id='word_1_317' title='bbox 450 3510 576 3567; x_wconf 87' lang='grc'><strong>466</strong></span> <span class='ocrx_word' id='word_1_318' title='bbox 608 3507 755 3567; x_wconf 74' lang='lat' dir='ltr'><strong>dicit</strong></span> <span class='ocrx_word' id='word_1_319' title='bbox 796 3510 933 3570; x_wconf 75' lang='lat' dir='ltr'><strong>inas</strong></span> <span class='ocrx_word' id='word_1_320' title='bbox 969 3511 1189 3570; x_wconf 83' lang='lat' dir='ltr'><strong>formas</strong></span> <span class='ocrx_word' id='word_1_321' title='bbox 1237 3508 1311 3570; x_wconf 91' lang='lat' dir='ltr'><strong>ab</strong></span> <span class='ocrx_word' id='word_1_322' title='bbox 1350 3511 1841 3585; x_wconf 51' lang='lat' dir='ltr'><strong>antiquissimise,</strong></span> <span class='ocrx_word' id='word_1_323' title='bbox 1809 3507 2208 3565; x_wconf 77' lang='lat' dir='ltr'><strong>orammaticis</strong></span> 
     </span>
    </p>
   </div>
  </div>
 </body>
</html>
