2588 3876
304 122 440 173 'vm
1112 120 1531 175 PRAEFATIO.

310 288 450 346 dam
495 287 712 347 codicis
729 332 744 362 ,
800 286 1052 346 forsitan
1098 306 1254 346 nunc
1301 286 1594 363 deperditi
1651 278 1751 366 (cf.
1792 285 2052 349 Schoene
2087 307 2145 362 p.
2184 279 2342 369 XX),

312 378 434 439 alia
481 396 549 435 ex
596 377 732 435 aliis
780 375 1214 450 exemplaribus
1270 395 1378 435 nec
1433 395 1553 434 non
1601 395 1670 434 ex
1714 375 2099 451 Hippocratis
2145 376 2341 437 verbis

314 465 526 524 Galeni
571 466 1006 524 commentariis
1044 465 1384 540 praemissis
1423 456 1523 545 (cf.
1552 464 1711 523 infra
1739 457 1825 546 Γ)
1863 464 2344 527 admiscebantur

312 557 418 615 aut
453 554 717 614 medelae
755 571 934 613 causa
971 552 1419 615 adhibebantur.
1485 553 1732 615 Accedit
1770 554 1927 630 quod
1964 554 2125 612 ultra
2161 554 2344 612 verba

316 640 418 704 καὶ
463 641 731 721 ἐμπίπτει
767 642 927 717 apud
960 641 1297 702 Littraeum
1344 635 1459 723 (IV
1498 644 1646 718 320,
1682 644 1803 703 not.
1841 633 1960 722 29)
2006 643 2174 703 nulla
2217 645 2344 703 iam

308 731 489 797 lectio
551 733 724 792 varia
777 751 910 791 cum
969 733 1139 809 signo
1193 732 1244 791 B
1303 732 1640 791 adnotatur.
1739 731 2058 807 Utcunque
2120 749 2215 791 res
2279 750 2343 792 se

311 822 519 895 habet,
572 821 638 879 id
681 840 788 896 pro
836 821 996 879 certo
1055 820 1172 879 dici
1218 823 1445 896 potest,
1500 839 1661 896 eum,
1688 880 1691 882 ,
1714 823 1812 880 cui
1863 819 2006 881 illae
2059 821 2343 883 lectiones

314 910 665 985 debeantur,
721 909 845 969 cod.
900 909 1230 969 Mediceum
1288 912 1323 967 7
1332 911 1400 984 4,
1442 912 1476 968 7
1536 911 1654 972 aut.
1684 929 1805 969 non
1857 911 2181 986 inspexisse
2236 912 2346 969 aut

312 1004 441 1058 tam
504 999 660 1059 male
723 1000 1060 1073 temereque
1123 1018 1250 1057 rem
1315 998 1665 1073 absolvisse,
1727 1001 1797 1059 ut
1860 998 2345 1074 antiquissimum

320 1089 496 1149 illum
538 1087 1011 1147 Laurentianum
1055 1106 1176 1146 non
1222 1106 1523 1165 agnoscas,
1545 1080 1595 1169 ¹)

446 1176 659 1252 Itaque
706 1177 966 1235 codicem
1018 1176 1349 1235 Mediceum
1392 1175 1615 1251 Foesii,
1670 1195 1805 1235 cum
1846 1178 1938 1236 ita
1983 1176 2064 1239 sit
2108 1195 2344 1252 compa-

314 1269 480 1326 ratus
516 1284 707 1341 neque
746 1265 1072 1341 quidquam
1107 1265 1411 1341 praebeat,
1448 1266 1607 1341 quod
1641 1284 1762 1326 non
1789 1265 2027 1325 aliunde
2062 1267 2345 1326 maxime·-

317 1374 430 1430 que
477 1374 549 1413 ex
601 1355 1016 1430 antiquissimo
1069 1352 1473 1413 Laurentiano
1518 1355 1729 1415 melius
1773 1354 2114 1430 petiverim,
2168 1352 2345 1431 plane

318 1464 388 1503 ex
427 1447 723 1519 apparatu
760 1444 965 1501 critico
1003 1445 1231 1503 seclusi.
1314 1444 1440 1502 Nos
1477 1444 1681 1504 littera
1717 1444 1768 1505 B
1814 1443 2037 1518 ubique
2082 1442 2345 1503 Lauren-

316 1536 553 1593 tianum
602 1534 702 1607 74,
743 1535 777 1590 7
829 1531 1318 1608 significavimus,
1366 1534 1531 1593 cuius
1568 1534 1798 1592 variam
1841 1533 2156 1593 lectionem
2199 1533 2347 1592 haec

314 1622 500 1681 editio
544 1623 740 1721 prima
785 1620 1065 1696 proponit
1109 1622 1401 1681 sinceram
1446 1625 1507 1680 et
1552 1621 1862 1699 integram.
2367 1616 2372 1625 ¹

449 1710 665 1769 Inest
648 1730 713 1767 m
751 1709 957 1768 eodem
993 1710 1114 1769 cod.
1144 1703 1551 1771 Laurentiano
1595 1712 1695 1783 74,
1718 1713 1752 1769 7
1798 1702 2347 1791 (f01.181—-—226)

317 1802 772 1859 commentarius
800 1799 902 1856 ille
938 1798 1249 1875 Apollonii
1283 1798 1602 1858 Citiensis
1585 1819 1649 1859 m
1682 1799 1902 1859 librum
1935 1796 2071 1878 περὶ
2098 1794 2346 1878 ἄρθρων

317 1887 571 1967 ἐμβολῆς
608 1888 829 1948 tabulis
867 1889 1043 1963 pictis
1081 1891 1353 1964 ornatuS,
1390 1890 1555 1948 cuius
1593 1888 2133 1964 splendidissimam
2158 1906 2349 1963 nuper

316 1979 639 2040 editionem
665 1980 905 2053 paravit
930 1977 1305 2037 Hermannus
1335 1977 1612 2038 Schoene.
1686 1977 1757 2035 In
1785 1978 1897 2037 hoc
1923 1978 2348 2038 commentario

317 2068 524 2128 multis
572 2067 717 2128 locis
761 2086 1014 2144 magnae
1059 2070 1259 2141 partes
1305 2067 1471 2127 illius
1517 2065 1658 2125 libri
1702 2066 2116 2142 Hippocratici
2158 2068 2348 2141 ipsius

317 2157 582 2216 inclusae
629 2160 793 2231 sunt,
841 2174 988 2232 quas
1033 2155 1254 2233 insigni
1290 2155 1537 2214 editoris
1583 2157 1831 2216 scientia
1876 2159 1937 2216 et
1973 2174 2114 2216 cura
2147 2174 2345 2216 emen-

314 2246 492 2306 datas
547 2247 831 2320 variaque
885 2245 1135 2304 lectione
1199 2244 1651 2321 diligentissime
1716 2247 2041 2304 exstructas
2107 2246 2349 2319 exopta-

318 2336 615 2394 tissimum
642 2335 706 2392 in
735 2352 908 2409 opere
937 2333 1347 2394 constituendo
1377 2333 1784 2392 adiumentum
1810 2337 1871 2392 et
1889 2333 2064 2409 quasi
2091 2334 2351 2394 alterum

318 2424 622 2499 exemplar
678 2422 895 2481 codicis
959 2421 1350 2481 Laurentiani
1410 2424 1475 2481 in
1539 2422 1735 2481 dubiis
1793 2422 2099 2482 habebam.
2190 2421 2349 2482 Nam

321 2513 466 2572 haec
501 2513 874 2585 testimonia,
921 2530 1073 2586 quae
1111 2513 1281 2589 signo
1317 2510 1433 2586 Ap.
1471 2513 1837 2585 notavimuS,
1881 2511 2073 2572 codici
2116 2510 2168 2567 B
2214 2529 2349 2585 pro-

320 2602 548 2677 pinqua
603 2603 742 2660 sunt
796 2604 856 2659 et
901 2618 1036 2662 cum
1082 2618 1150 2659 eo
1195 2601 1286 2659 ita
1333 2602 1709 2660 consentiunt
1722 2645 1738 2674 ,
1783 2603 1852 2657 ut
1894 2598 2249 2673 Apollonius
2298 2601 2350 2657 si

318 2693 516 2750 minus
581 2709 652 2748 ex
716 2688 920 2749 eodem
982 2689 1163 2764 libro,
1226 2691 1293 2747 at
1356 2691 1512 2749 certe
1576 2709 1645 2748 ex
1709 2688 2015 2748 simillimo
2075 2687 2352 2746 videatur

320 2779 603 2838 hausisse.
698 2777 815 2838 Sed
858 2781 1061 2839 tamen
1113 2779 1177 2836 in
1234 2796 1305 2836 ea
1350 2777 1739 2838 similitudine
1788 2776 2080 2852 quaedam
2124 2777 2353 2836 leviora

324 2868 676 2943 discrepant.
769 2867 1035 2926 Primum
1081 2868 1224 2928 ordo
1270 2867 1585 2926 verborum
1629 2885 1665 2926 a
1711 2868 2041 2926 ceterorum
2086 2866 2352 2926 omnium

324 2975 635 3030 consensu,
681 2956 956 3032 quamvis
1003 2957 1171 3016 salva
1217 2958 1537 3029 sententia,
1584 2957 1817 3030 saepius
1856 2954 2130 3029 discedit,
2183 2955 2353 3013 velut

326 3066 371 3105 c.
406 3047 443 3105 3
484 3048 656 3104 extr:
692 3044 1035 3125 προσβάντα
1069 3052 1176 3105 τοῦ
1211 3041 1517 3125 ἀκρωμίον
1552 3042 1702 3123 πρὸς
1736 3042 1801 3104 τὸ
1847 3039 2050 3103 ὀστέον
2090 3042 2354 3104 Schoene

323 3154 381 3211 p.
418 3136 487 3209 4,
532 3134 740 3214 προσβ.
785 3133 935 3213 πρὸς
978 3132 1043 3194 τὸ
1092 3130 1141 3194 ὀ.
1187 3141 1293 3194 τοῦ
1338 3129 1394 3192 o’c.
1439 3134 1579 3207 cet,
1625 3152 1671 3192 c.
1713 3135 1795 3192 42
1836 3136 2007 3194 extr.:
2049 3130 2117 3191 οἱ
2146 3130 2353 3211 τρόποι

471 3289 523 3355 1)
554 3285 838 3368 Quantum
855 3283 1094 3340 Littraei
1112 3285 1158 3338 B
1183 3302 1218 3339 a
1235 3283 1614 3339 Laurentiano
1637 3290 1720 3350 74,
1736 3289 1764 3337 7
1795 3282 2064 3348 differret,
2094 3282 2352 3351 exemplo

326 3355 489 3424 libri,
520 3358 619 3426 qui
640 3359 726 3410 est
745 3357 814 3411 de
835 3357 1039 3426 capitis
1062 3356 1404 3423 vulneribus,
1434 3357 1494 3409 in
1512 3356 1752 3410 Hermae
1779 3354 1886 3409 vol.
1906 3353 2009 3407 XX
2026 3372 2081 3422 p.
2105 3357 2204 3406 181
2230 3371 2352 3423 sqq

326 3429 443 3483 iam
480 3431 611 3482 ante
647 3428 750 3481 hos
779 3427 1103 3496 quindecim
1131 3445 1307 3483 annos
1336 3427 1713 3482 demonstravi
1743 3428 1887 3491 tum,
1926 3442 2053 3478 cum
2089 3424 2353 3492 opinione

326 3499 564 3553 tenebar
608 3499 847 3552 Littraei
883 3499 929 3552 B
969 3516 1090 3554 esse
1126 3498 1568 3553 Laurentianum
1606 3504 1690 3564 74,
1724 3501 1752 3549 7
1797 3496 1946 3550 male
1994 3495 2430 3592 exscriptum..
