2588 3876
349 149 437 214 92
1074 150 1247 201 ΠΕΡΙ
1280 149 1538 203 ΑΓΜῼΝ
1574 152 1643 202 30

348 313 473 396 τὴν
527 312 763 394 αὐτήν·
842 310 952 376 καὶ
1008 312 1239 380 ἔπειτα,
1282 314 1646 396 κραναίνας
1704 310 1995 396 ῥάβδους
2051 308 2381 399 τέσσαρας

352 418 575 503 λαβὼν
630 424 777 495 ἴσας
831 417 1116 502 μέγεθος
1159 416 1516 509 ἀλλήλῃσι,
1566 419 1774 502 πάχος
1817 414 1941 501 μὲν
1986 418 2075 496 ὡς
2133 419 2381 484 δακτυ-

350 526 596 608 λιαίας,
641 534 848 609 μῆκος
893 523 996 608 δέ,
1052 525 1141 601 ὡς
1185 523 1586 609 κεκαμμέναι
1639 524 2126 610 ἐναρμόσουσιν
2181 524 2250 602 ἐς
2295 528 2381 591 τὰ

350 632 842 719 ἀπαιωρήματα,
888 629 1356 715 ἐπιμελόμενος
1401 631 1579 707 ὅπως
1610 631 1690 696 τὰ
1726 632 1895 717 ἄκρα
1929 642 2064 696 τῶν
2100 631 2382 717 ῥάβδων

298 761 322 802 5
351 741 437 825 μὴ
484 739 554 818 ἐς
594 739 713 803 τὸν
756 747 1003 825 χρῶτα,
1058 736 1195 802 ἀλλ’
1253 736 1324 815 ἐς
1365 739 1447 803 τα
1492 739 1661 824 ἄκρα
1703 747 1839 803 τῶν
1885 736 2222 824 σφαιρέων
2271 738 2382 822 ἐγ-

349 846 566 932 κέλσῃ.
657 839 827 910 εἶναι
890 840 966 910 δὲ
1027 846 1151 931 χρὴ
1208 845 1437 929 ζεύγεα
1507 848 1670 930 τρία.
1719 855 1855 911 τῶν
1928 845 2196 930 ῥάβδων
2262 846 2383 911 καὶ

349 956 553 1018 πλείω
597 955 713 1017 καί
751 974 887 1018 τινι
930 952 1040 1017 καὶ
1085 950 1488 1037 μακροτέρας
1521 953 1639 1028 τας
1683 948 1905 1037 ἑτέρας
1939 961 2073 1017 τῶν
2109 950 2383 1038 ἑτέρων,

349 1062 463 1125 καί
503 1083 637 1125 τινι
679 1058 789 1124 καὶ
835 1056 1240 1145 βραχυτέρας
1283 1058 1396 1123 καὶ
1440 1058 1887 1145 σμικροτέρας,
1933 1058 2021 1135 ὡς
2062 1059 2174 1123 καὶ
2210 1064 2383 1142 μᾶλ-

351 1171 473 1232 λον
526 1167 885 1251 διατείνῃς,
945 1163 1030 1247 ἢν
1084 1165 1325 1249 βούλῃ,
1367 1164 1479 1229 καὶ
1522 1159 1760 1248 ἧσσον·
1820 1167 2114 1232 ἔστωσαν
2173 1161 2251 1229 δὲ
2306 1167 2384 1231 αἱ

271 1296 324 1336 10
351 1273 588 1359 ῥάβδοι
636 1270 932 1356 ἑκάτεραι
978 1273 1181 1336 ἔνθεν
1224 1271 1335 1336 καὶ
1382 1273 1587 1336 ἔνθεν
1620 1282 1757 1336 τῶν
1793 1281 2090 1357 σφυρῶν.
2166 1280 2385 1337 ταῦτα

351 1376 409 1444 δ”
466 1379 526 1444 εῑ
586 1384 802 1454 καλῶς
864 1380 1465 1462 μηχανοποιηθείη,
1527 1382 1649 1461 τήν
1709 1391 1808 1443 τε
1842 1378 2199 1443 κατάτασιν
2264 1380 2384 1444 καὶ

350 1486 616 1569 δικαίην
660 1483 746 1549 ἄν
789 1482 1065 1570 παρέχοι
1099 1484 1209 1549 καὶ
1246 1483 1501 1568 ὁμαλὴν
1535 1486 1700 1549 κατὰ
1734 1485 1858 1568 τὴν
1895 1486 2227 1570 ῐθυωρίην
2264 1486 2381 1550 καὶ

348 1599 441 1678 τῷ
484 1591 774 1677 τρώματι
810 1592 1018 1668 πόνος
1064 1590 1286 1667 οὐδεὶς
1322 1589 1408 1655 ἂν
1444 1596 1573 1675 εἴη·
1617 1592 1698 1656 τὰ
1734 1593 1858 1676 γὰρ
1896 1589 2380 1676 ἀποπιέσματα,

349 1703 418 1763 εἴ
444 1721 511 1763 τι
544 1698 656 1763 καὶ
692 1696 1129 1781 ἀποπιέζοιτο,
1170 1698 1249 1762 τὰ
1284 1693 1408 1779 μὲν
1443 1696 1530 1762 ἂν
1566 1696 1634 1774 ἐς
1667 1698 1786 1762 τὸν
1820 1698 1995 1763 πόδα
2030 1696 2385 1784 ἀπάγοιτο,

269 1827 321 1869 15
347 1805 428 1869 τὰ
473 1802 532 1869 δ’
580 1803 646 1882 ἐς
681 1805 799 1871 τὸν
844 1807 1088 1889 μηρόν,
1140 1804 1215 1869 αἴ
1263 1827 1335 1870 τε
1382 1804 1620 1889 ῥάβδοι
1666 1804 2103 1890 εὐθετώτεραι
2144 1805 2213 1869 αἱ
2251 1801 2381 1886 μὲν

347 1913 573 1996 ἔνθεν,
628 1913 697 1977 αὶ
744 1907 819 1978 δὲ
865 1912 1068 1977 ἔνθεν
1112 1921 1247 1976 τῶν
1296 1921 1595 1997 σφυρῶν,
1650 1912 1815 1978 ὥστε
1860 1913 1947 1997 μὴ
1991 1911 2379 1978 κωλύεσθαι

351 2020 475 2103 τὴν
531 2016 731 2083 θέσιν
785 2026 901 2100 τῆς
960 2019 1239 2101 κνήμης,
1294 2020 1370 2083 τό
1424 2040 1495 2083 τε
1557 2028 1782 2103 τρῶμα
1845 2017 2383 2085 εὐκατάσκεπτον

348 2124 460 2189 καὶ
514 2124 983 2205 εὐβάστακτον·
1048 2119 1251 2189 οὐδὲν
1305 2126 1432 2209 γὰρ
1490 2123 1818 2209 ἐμποδών,
1874 2130 1941 2190 εἴ
1985 2148 2086 2202 τις
2146 2125 2383 2190 ἐθέλοι

242 2246 348 2295 524
365 2231 482 2306 τὰς
517 2231 642 2295 δύο
678 2240 814 2295 τῶν
852 2229 1121 2314 ῥάβδων
1146 2231 1263 2307 τὰς
1290 2228 1594 2315 ἀνωτέρω
1632 2231 1833 2307 αὐτὰς
1867 2232 2032 2317 πρὸς
2068 2230 2384 2318 ἀλΙλήλας

267 2365 321 2405 20
348 2334 583 2420 ζεῦξαι,
621 2337 733 2401 καὶ
770 2341 840 2401 εἴ
864 2360 965 2412 τις
999 2337 1269 2421 κούφως
1306 2338 1616 2419 βούλοιτο
1656 2336 2055 2421 ἐπιβάλλειν,
2092 2339 2262 2403 ὥστε
2296 2341 2379 2407 τὸ

348 2443 871 2527 ἐπιβαλλόμενον
915 2441 1244 2527 μετέωρον
1299 2441 1428 2507 ἀπὸ
1474 2451 1595 2509 τοῦ
1640 2445 1977 2528 τρώματος
2030 2439 2218 2510 εἶναι.
2314 2448 2384 2513 εἰ

493 2677 521 2724 1
561 2671 800 2725 κᾶπειτα
837 2669 957 2723 MV
1052 2668 1193 2726 τέσσ.
1233 2686 1339 2724 om.
1371 2669 1491 2724 MV
1633 2677 1664 2723 2
1702 2674 1831 2740 post
1867 2671 2046 2740 ἀλλήλ.
2078 2674 2273 2741 (-οισιν
2301 2672 2383 2744 V)

348 2742 478 2795 add.
509 2742 745 2814 ἔχουσας
771 2740 907 2806 MV,
938 2757 1043 2795 om.
1064 2741 1154 2808 B¹‚
1184 2759 1252 2794 ss.
1283 2741 1359 2794 B8
1440 2747 1471 2794 3
1509 2739 1566 2796 δ’
1599 2741 1719 2796 MV
1800 2749 1836 2795 4
1871 2741 2098 2812 ἐπαιώρ.
2130 2742 2176 2795 Β
2251 2744 2378 2798 ἐπι-

346 2814 544 2881 μελώμ.
564 2813 625 2866 Μ
698 2810 842 2875 ὅκως
875 2811 997 2865 MV
1097 2818 1129 2865 5
1158 2815 1291 2866 ante
1321 2830 1511 2881 σφαιρ.
1531 2813 1704 2868 iterat
1728 2810 1804 2880 ῥά
1842 2816 1958 2870 δων
1979 2857 1990 2867 .
2014 2857 2025 2867 .
2050 2857 2061 2866 .
2082 2813 2231 2882 ἄκρα
2258 2823 2381 2871 τῶν

344 2884 390 2938 Β
467 2903 527 2951 ρε
562 2882 724 2953 κέλση
756 2883 820 2950 Β,
859 2904 889 2951 ρ
919 2884 1026 2937 del.
1055 2883 1144 2949 B³,
1176 2883 1288 2939 ἐνκ.
1319 2883 1379 2936 Μ
1488 2889 1519 2937 7
1555 2882 1702 2939 πλέω
1725 2885 1790 2937 Μ
1919 2885 2017 2940 καὶ
2045 2887 2177 2938 ante
2204 2905 2379 2955 μακρ.

349 2970 456 3008 om.
546 2954 598 3009 V
670 2952 899 3021 ἑτερέων
925 2954 971 3007 Β
1081 2960 1113 3008 8
1149 2953 1469 3026 παχυτέρας
1499 2972 1600 3024 pro
1629 2958 1787 3027 βραχ.
1814 2956 1861 3010 Β
1933 2956 2030 3011 καὶ
2059 2973 2239 3026 σμικρ.
2262 2973 2379 3011 om„

347 3025 393 3079 B
494 3045 642 3094 μικρ.
680 3025 817 3090 MV,
857 3041 941 3094 σμ.
971 3027 1077 3080 oet.
1222 3031 1253 3079 9
1293 3028 1635 3096 διατεινησιν
1672 3029 1841 3098 βουλη
1878 3027 1941 3094 Β,
1978 3030 2115 3081 mut.
2146 3027 2206 3080 in
2244 3032 2380 3084 δια·

344 3092 531 3165 telvm
563 3093 635 3164 ἢν
664 3096 836 3167 βούλῃ
872 3095 963 3163 3⁸,
1001 3093 1304 3152 διατείνειν
1338 3094 1411 3166 ἢν
1449 3098 1713 3168 βούληται
1739 3098 1860 3152 MV
1930 3098 2029 3152 καὶ
2055 3094 2225 3164 ἧσσον
2260 3115 2376 3154 om.

342 3166 464 3220 MV
550 3168 684 3221 ante
720 3166 823 3221 ἔστ.
864 3167 992 3220 add.
1031 3168 1128 3221 καὶ
1163 3167 1285 3222 MV
1432 3174 1498 3222 10
1538 3167 1793 3237 ἑκατέραι
1819 3167 1870 3222 V
1944 3167 2229 3237 σφαιρέων
2268 3188 2377 3239 pro

345 3255 438 3306 σφ.
467 3236 632 3306 Bosq.
780 3244 842 3291 11
882 3238 979 3291 καὶ
1017 3240 1149 3290 ante
1187 3241 1296 3292 δικ.
1328 3254 1433 3292 om.
1464 3238 1585 3293 MV
1727 3244 1794 3292 12
1833 3236 1907 3295 ἂν
1942 3241 2073 3310 post
2109 3244 2218 3296 δικ.
2261 3257 2375 3296 om.

343 3308 465 3362 MV
592 3314 660 3361 14
694 3326 782 3361 τοι
817 3308 862 3360 Β
933 3307 998 3361 τὸ
1034 3306 1135 3376 μὲν
1171 3307 1217 3360 Β
1348 3315 1414 3362 15
1452 3308 1515 3364 δὲ
1552 3310 1609 3372 ἐς
1642 3310 1703 3363 Μ
1779 3309 1841 3365 αἱ
1876 3313 2014 3365 ante
2046 3309 2147 3380 μὲν
2185 3328 2292 3365 om.
2324 3312 2374 3367 Β

490 3384 557 3432 16
586 3375 644 3434 δ’
679 3377 848 3434 ἔνθεν
875 3377 997 3431 MV
1069 3377 1354 3448 σφαιρέων
1381 3381 1546 3449 Bosq.
1659 3386 1724 3435 17
1763 3381 2221 3452 εὐκατάσκηπτον
2249 3382 2378 3438 MV

488 3454 557 3502 20
591 3448 653 3504 ἐἴ
680 3448 827 3572 ΕΒ,
864 3445 935 3516 ἢν
973 3449 1132 3504 codd.
1265 3450 1528 3521 βούληται
1564 3451 1615 3504 V
1740 3453 1815 3515 ὡς
1849 3469 1951 3522 pro
1981 3451 2114 3507 ὥστε
2141 3454 2187 3506 Β

345 3526 412 3574 22
450 3542 486 3590 η
513 3536 615 3589 pro
655 3539 679 3573 ε
2096 3535 2100 3539 ·
