2588 3876
742 178 917 228 ΠΕΡΙ
950 176 1240 229 ΑΡΘΡΩΝ
1276 178 1636 229 mom
1676 182 1743 230 33
2124 178 2249 242 151

218 340 452 425 ὀρθῶς
502 336 688 423 ζεύξῃ
736 338 952 421 ὥσπερ
1008 340 1131 424 χρὴ
1178 340 1292 415 τάς
1347 338 1549 425 ἀρχὰς
1594 338 1825 425 ράψας.
1915 338 2081 406 ἀλλὰ
2125 343 2253 426 γὰρ

216 447 298 512 οὐ
359 446 634 533 ῥηίδιον
686 447 1110 530 χειρουργίην
1163 454 1383 510 πᾶσαν
1438 443 1514 512 ἐν
1566 456 1790 532 γραφῇ
1847 448 2252 531 διηγεῖσθαι,

217 552 390 617 ἀλλά
436 549 552 617 καὶ
599 552 802 617 αὐτὸν
848 551 1331 617 ὑποτοπεῖσθαι
1377 555 1501 638 χρὴ
1547 551 1621 618 ἐκ
1652 551 1658 640 Ι
1691 564 1826 619 τῶν
1870 554 2232 641 γεγραμμέ-
2256 571 2361 620 150

217 684 377 724 νων.
473 656 699 723 ἔπειτα
743 660 866 744 χρὴ
914 657 1233 744 δέρματος
1277 661 1775 745 Καρχηδονίου,
1835 660 1920 745 ἢν
1971 661 2097 743 μὲν
2149 686 2256 727 νε-

217 767 470 852 ώτερος
524 757 568 850 ᾖ
615 765 650 831 6
697 767 1008 851 τρωθείς,
1065 765 1251 850 ἀρκεῖ
1304 774 1395 854 τῷ
1443 771 1624 855 λοπῷ
1672 774 1991 852 χρῆσθαι,
2047 768 2131 852 ἢν
2177 765 2251 833 δὲ
2305 796 2333 836 5

213 875 629 958 τελειότερος
664 865 736 959 ᾗ,
782 873 960 960 αὐτῷ
990 880 1084 959 τῷ
1123 871 1423 958 δέρματι·
1461 875 1747 954 ταμόντα
1785 874 1858 939 δὲ
1894 876 2017 960 χρὴ
2056 869 2255 961 εὖρος

214 979 307 1056 ὡς
343 979 795 1065 τριδάκτυλον
829 978 870 1062 ἢ
910 979 1085 1055 ὅπως
1121 978 1207 1043 ἂν
1242 979 1515 1066 ἀρμόζῃ,
1553 980 2006 1059 ὑπαλείψαντα
2051 984 2253 1064 κόμμι

213 1088 339 1171 τὴν
390 1087 659 1169 γνάθον
695 1124 784 1133 -
830 1084 1305 1169 εὐμενέστερον
1351 1087 1475 1172 γὰρ
1523 1089 1758 1170 κόλλης
1801 1125 1890 1133 -
1935 1094 2256 1174 προσκολ-

212 1198 424 1276 λῆσοιι
470 1194 544 1257 τὸ
592 1191 797 1278 δέρμα
843 1194 1052 1278 ἄκρον
1086 1194 1251 1278 πρὸς
1297 1202 1414 1275 τῆς
1455 1194 1722 1276 γνάθου
1768 1194 1841 1258 τὸ
1888 1193 2253 1260 ἀποκεκαυ-

212 1297 546 1382 λισμένον
581 1298 1022 1365 ἀπολείποντα
1066 1300 1154 1375 ὡς
1200 1300 1532 1366 δάκτυλον
1577 1299 1704 1365 ἀπὸ
1751 1309 1872 1366 τοῦ
1918 1301 2253 1387 τρώματος
2281 1330 2335 1370 10

210 1405 254 1489 ἦ
303 1406 520 1493 ὀλίγῳ
566 1404 786 1471 πλέον.
874 1415 1071 1471 τοῦτο
1118 1401 1241 1487 μὲν
1296 1404 1363 1482 ἐς
1406 1407 1482 1470 τὸ
1530 1407 1703 1471 κάτω
1749 1405 1962 1494 μέρος.
2054 1407 2251 1493 ἐχέτω

212 1509 292 1577 δὲ
342 1511 634 1596 ἐντομὴν
678 1514 841 1577 κατὰ
885 1514 1009 1595 τὴν
1056 1511 1188 1589 ἴξιν
1223 1521 1345 1577 τοῦ
1389 1515 1651 1596 γενείου
1700 1513 1735 1579 6
1784 1514 1961 1598 ἱμάς,
2008 1515 2097 1592 ὡς
2134 1515 2255 1600 ἀμ-

213 1621 559 1709 φιβεβήκῃ
605 1618 774 1703 ἀμφὶ
818 1620 892 1684 τὸ
942 1617 1060 1696 ὀξὺ
1106 1627 1226 1683 τοῦ
1273 1621 1555 1702 γενείου.
1637 1618 1865 1705 ἕτερον
1902 1618 1976 1686 δὲ
2015 1622 2255 1703 ἱμάντα

216 1734 541 1792 τοιοῦτον
584 1724 625 1808 ἢ
672 1724 874 1814 ὀλίγῳ
918 1725 1333 1811 πλατύτερον
1384 1730 1875 1810 προσκολλῆσαι
1919 1729 2043 1812 χρὴ
2087 1730 2255 1814 πρὸς

213 1834 294 1898 τὸ
362 1833 504 1896 ἄνω
563 1831 759 1918 μέρος
815 1841 933 1915 τῆς
989 1832 1284 1916 γνάθου,
1351 1831 1793 1898 ἀπολείποντα
1844 1831 1955 1897 καὶ
2009 1843 2253 1900 τοῦτον
2280 1861 2333 1906 15

215 1940 352 2005 ἀπὸ
381 1948 506 2004 τοῦ
535 1940 890 2025 τρώματος,
928 1940 1090 2005 ὅσον
1116 1960 1238 2025 περ
1270 1938 1306 2005 6
1336 1937 1555 2026 ἕτερος
1583 1938 1922 2005 ἀπέλιπεν·
1961 1937 2251 2025 ἐσχίσθω

214 2043 294 2111 δὲ
324 2046 442 2111 καὶ
469 2039 664 2123 οὗτος
692 2047 727 2112 6
768 2047 918 2132 ἱμὰς
951 2047 1076 2129 τὴν
1104 2044 1274 2131 ἀμφὶ
1311 2047 1386 2111 τὸ
1416 2041 1535 2124 οὖς
1559 2049 1938 2133 περίβασιν·
1986 2047 2254 2126 ἀποξέες

214 2149 295 2217 δὲ
325 2154 625 2218 ἔστωσαν
643 2154 708 2219 οἱ
730 2153 993 2235 ἱμάντες
1011 2152 1181 2239 ἀμφὶ
1208 2154 1332 2237 τὴν
1350 2155 1711 2239 συναφήν[,
1741 2156 1911 2219 ἔνθα
1931 2156 2257 2221 συνάπτε-

215 2263 398 2325 σθαί
429 2260 646 2325 τεκαὶ
682 2260 1082 2325 συνδεῖσθαι
1126 2260 1250 2345 χρὴ
1297 2261 1377 2324 τὰ
1422 2259 1669 2345 πέρατα
1713 2272 1848 2326 τῶν
1897 2262 2217 2347 ἱμάντων]
2237 2281 2253 2299 ·

218 2364 300 2431 ἐν
339 2366 417 2431 δὲ
453 2375 531 2452 τῇ
577 2369 882 2450 κολλήσει
928 2367 968 2451 ἡ
1015 2364 1175 2451 σὰρξ
1222 2375 1345 2431 τοῦ
1393 2367 1665 2443 σκύτεος
1708 2368 1872 2453 πρὸς
1916 2378 2037 2434 τοῦ
2083 2393 2251 2455 χρω-
2278 2396 2333 2436 20

214 2472 336 2550 τὸς
382 2474 581 2556 ἔστω,
635 2471 1137 2558 ἐχεκολλότερον
1191 2473 1318 2557 γὰρ
1376 2471 1602 2549 οὕτως.
1693 2475 1915 2538 ἔπειτα
1959 2470 2253 2540 οὶατατεί-

369 2634 399 2682 1
440 2628 619 2694 ζευξει
652 2629 697 2681 Β
773 2625 964 2699 ραφὰς
988 2628 1129 2696 ΒΜ,
1169 2629 1346 2701 ἀρχὰς
1372 2628 1447 2695 V,
1486 2649 1569 2698 γρ.
1606 2628 1708 2691 τὰς
1743 2629 1848 2700 ἀρχ
1852 2629 1920 2692 ὰς
1954 2629 1990 2684 i.
2021 2648 2093 2684 m.
2124 2631 2183 2684 M

219 2698 430 2825 {25th
432 2699 967 2840 εᾶέοτῗτέῗτρέῖἀὶως
994 2698 1546 2839 ἱᾜγέὲἱθαέεμζεὺ
1581 2651 1864 2840 ἐδῖιγραῖξ)
1893 2701 1983 2770 B¹
1969 2701 2253 2827 ἐέιιὲῖζ

220 2843 396 2896 ὑποπ.
451 2842 533 2908 Μ,
590 2842 728 2897 ἀλλὰ
778 2844 878 2897 καὶ
907 2792 1101 2897 ραύτὸν
1139 2843 1176 2897 i.
1214 2860 1287 2897 m.
1329 2842 1401 2896 ab
1415 2789 1573 2897 pead.
1611 2861 1683 2897 m.
1650 2792 1720 2842 ηγ
1829 2843 2255 2900 ὑποτυπέεσθαι

220 2913 406 2978 codd„
462 2914 698 2969 ὑποτοπ.
737 2914 870 2968 Litt.
910 2930 978 2967 ex
1014 2913 1165 2971 Erot.
1204 2914 1262 2967 et
1301 2913 1628 2968 Schneideri
1663 2913 1771 2968 lex
1918 2920 1966 2968 4.
2008 2920 2039 2969 5
2088 2937 2155 2985 νη
2159 2936 2254 2970 πι-

223 2986 430 3052 ώτερος
465 2984 585 3039 MV
702 2990 733 3038 ὅ
773 2984 835 3055 ἔη
872 2983 992 3039 MV
1077 2982 1266 3052 ἀρκέει
1300 2984 1422 3039 MV
1502 2988 1678 3058 λοιπῷ
1702 2985 1881 3038 ΒΜΓ
1914 2984 2063 3056 Gal„
2100 2986 2254 3044 λέπει

221 3072 294 3111 ss,
335 3055 412 3109 B⁸
518 3053 657 3128 χρέε.
696 3006 835 3110 MV⁷²
969 3062 1000 3110 6
1059 3055 1119 3125 ἔη
1118 3005 1278 3109 ρΜῪ
1398 3040 1731 3126 ταμόντα..
1765 3076 1875 3112 ,πε
1879 3030 2103 3129 ρίβασιν
2140 3063 2252 3130 (17)

221 3143 333 3181 om.
377 3130 430 3181 Γ
529 3147 638 3197 ταμ
641 3146 815 3182 νοντα
850 3127 896 3180 Β
1042 3133 1071 3180 ’7
1085 3077 1256 3188 ηὸκως
1291 3126 1415 3181 MV
1503 3126 1763 3196 ἁρμόζειν
1801 3129 1847 3181 Β
1937 3127 2045 3199 κόμ
2048 3150 2069 3184 ι
2104 3130 2164 3183 Μ

227 3203 258 3250 8
296 3195 464 3268 κόλλῃ
499 3148 638 3252 MV
753 3204 784 3251 9
822 3198 885 3252 τὸ
915 3196 1090 3267 δέρμα
1118 3197 1312 3263 BMV‚
1349 3198 1452 3268 τὴν
1488 3196 1644 3267 δέριν
1680 3198 1847 3270 vulg„
1885 3220 1929 3256 τ.
1969 3151 2159 3270 δέρριν
2189 3202 2252 3267 Ε,

225 3269 382 3323 varia.
416 3218 589 3324 lvectio
619 3269 889 3336 Severini,
927 3269 1075 3324 Erm.
1187 3275 1336 3323 9.10
1366 3268 1645 3324 ἐκκεκαυλ.
1675 3269 1728 3324 V
1856 3276 1919 3324 12
1960 3272 2021 3325 δὲ
2053 3289 2158 3327 om.
2188 3273 2253 3339 Β,

224 3336 286 3392 δ’
318 3339 370 3393 V
458 3339 519 3395 έν
545 3349 684 3410 τῶμ
688 3361 759 3410 ην
786 3341 830 3393 Β
921 3336 988 3406 ἷξ.
1017 3340 1069 3394 V
1095 3342 1161 3393 ub
1188 3337 1334 3395 §olet
1444 3346 1509 3394 16
1538 3339 1836 3396 ἀπέλειπεν
1872 3342 2065 3409 BMV‚
2103 3345 2254 3396 -λιπ-

230 3409 329 3465 rel.
371 3410 532 3466 codd.
648 3362 747 3465 μ18
795 3408 852 3465 δ’
893 3412 945 3466 V
1016 3411 1060 3476 ξ.
1102 3410 1262 3466 codd.
1349 3412 1537 3466 ἔνθα.
1571 3411 1903 3481 ..ἱμάντων
1942 3429 2046 3466 om.
2088 3412 2251 3467 codd.

224 3482 473 3549 (praeter
506 3482 629 3537 Par.
671 3483 716 3537 O
755 3485 812 3536 et
851 3486 920 3554 Γ)
965 3483 1097 3539 Litt
1135 3482 1621 3604 Erm.9i597*1
1665 3487 1717 3535 Γ
1817 3483 1898 3546 εἰς
1932 3499 2033 3549 pro
2069 3482 2173 3550 χρὴ
2205 3482 2251 3535 Ο

148 3566 155 3573 ’
371 3558 582 3606 20—21
620 3554 908 3624 χρώματος
942 3554 1015 3622 Β,
1053 3574 1129 3623 μα
1165 3553 1391 3623 punctis
1417 3488 1520 3606 1ino
1544 3570 1707 3605 usum
1798 3551 2105 3621 ἐχεκολλώτ.
2144 3551 2262 3603 ΒΓ
