2588 3876
577 95 751 145 ΠΕΡΙ
783 94 932 145 ΤΩΝ
966 96 1066 145 ΕΝ
1100 94 1436 145 ΚΕΦΑΛΗῙ
1470 93 1862 145 ΤΡΩΜΑΤΩΝ
1900 97 1964 146 13
2195 94 2278 157 17

258 263 453 321 σθαι·
503 253 646 319 οὐδ’
692 254 946 320 ἐπιδεῖν
990 257 1112 340 χρὴ
1161 253 1348 331 ἕλκος
1395 254 1469 319 ε’ν
1512 259 1785 340 κεφαλῇ,
1817 253 1944 338 ἢν
1947 257 2073 340 μὴ
2069 255 2184 320 ἐν
2179 267 2288 345 τῷ

259 363 535 449 μετώπῳ
590 354 633 448 ᾗ
687 362 760 425 τὸ
817 361 1005 438 ἕλκος
1060 361 1134 426 ἐν
1177 369 1269 450 τῷ
1318 355 1489 449 φιλῶ
1536 372 1670 426 τῶν
1727 372 1971 447 τριχῶν
2009 361 2077 446 ’ἢ
2116 350 2280 447 περὶ

259 470 384 552 τὴν
429 468 652 553 ὀφρῦν
705 466 816 532 καὶ
861 468 980 533 τὸν
1024 427 1397 552 ὀφθαλμόν.
1489 454 1807 532 ἐνταῦθα
1836 458 1936 537 δὲ
1951 454 2281 550 ’φὶνόμενὰ

253 577 367 639 ’τὰ
387 574 576 639 ἕλκεα
630 575 1071 651 καταπλάσιος
1124 572 1233 639 καὶ
1289 573 1619 651 ἑπιδέσιος
1670 579 1955 682 μᾶλλον*
1965 562 2341 660 ’κέχρηται

260 684 302 765 ἤ
348 705 472 746 κου
520 683 761 746 ἄλλοθι
806 691 923 765 τῆς
965 686 1255 765 κεφαλῆς
1299 690 1414 765 τῆς
1460 683 1682 789 ἄλλης·
1732 677 2036 767 περιέχει
2045 683 2205 791 ’γὰρ
2221 683 2326 781 ᾗ
2322 708 2359 750 5

259 790 513 871 κεφαλὴ
560 788 599 871 ἡ
648 789 811 872 ἄλλη
856 788 930 852 τὸ
976 787 1279 869 μέτωπον
1322 797 1486 852 πᾶν·
1531 787 1602 852 ἐκ
1633 778 1722 853 δὲ
1765 799 1900 852 τῶν
1943 774 2279 874 περιεχόνὲ

258 918 395 959 των
438 896 519 959 τὰ
565 893 752 959 ἕλκεα
798 893 909 958 καὶ
955 893 1028 959 ἑν
1084 895 1210 981 ὅτῳ
1266 893 1353 958 ἂν
1409 887 1451 979 ᾗ
1505 895 1586 958 τὰ
1644 894 1860 959 ἕλκεα
1891 886 2279 978 φλεγμαίνει

259 999 369 1066 καὶ
418 999 946 1065 ἐπανοιδίσκεται
993 999 1081 1064 δι’
1126 1001 1399 1082 αἵματος
1443 999 1775 1086 ἐπιρροήν.
1830 990 1970 1086 χρὴ
2009 1002 2084 1066 δὲ
2107 999 2281 1067 οὐδὲ

258 1108 340 1172 τὰ
385 1106 461 1172 ἐν
503 1115 595 1195 τῷ
634 1109 907 1195 μετώπῳ
966 1101 1077 1171 διὰ
1129 1108 1377 1183 παντὸς
1429 1116 1551 1172 τοῦ
1609 1111 1859 1192 χρόνου
1913 1096 2279 1172 καταπλάσ-

260 1231 406 1279 σειν
450 1212 561 1279 καὶ
608 1213 881 1298 ἐπιδεῖν,
929 1212 1068 1278 ἀλλ’
1114 1213 1386 1278 ἐπειδὰν
1425 1214 1754 1298 παύσηται
1790 1202 2280 1298 φλεγμαίνοντα
2309 1240 2359 1282 10

257 1319 369 1385 καὶ
413 1322 488 1385 τὸ
535 1321 778 1404 οἴδημα
818 1330 1122 1406 καταστῇ,
1167 1321 1557 1385 παύσασθαι
1593 1321 2134 1386 καταπλάσσοντα
2170 1320 2278 1386 καὶ

252 1427 624 1492 ἐ’πιδέοντα.
717 1426 791 1491 ἐν
836 1428 912 1492 δὲ
954 1436 1031 1513 τῇ
1080 1428 1243 1511 ἄλλῃ
1289 1431 1543 1511 κεφαλῇ
1590 1426 1776 1503 ἕλκος
1822 1415 1988 1492 οὔτε
2026 1436 2280 1509 μοτοῦν

255 1535 382 1619 χρὴ
431 1534 585 1599 οὔτε
629 1533 1113 1598 καταπλάσσειν
1155 1531 1297 1597 οὔτ’
1353 1531 1625 1615 ἐπιδεῖν,
1661 1534 1744 1598 ἐἰ
1789 1534 1876 1617 μὴ
1922 1531 2032 1598 καὶ
2076 1544 2278 1617 τομῆς

257 1640 500 1706 δέοιτο.

403 1748 688 1829 Τάμνειν
742 1736 830 1811 δὲ’
860 1747 982 1831 χρὴ
1028 1757 1162 1810 τῶν
1208 1745 1449 1810 ἑλκέων
1493 1756 1627 1810 τῶν
1674 1744 1747 1809 ἐν
1791 1751 2045 1831 κεφαλῇ
2097 1771 2277 1830 γινο-
2306 1774 2356 1813 15

255 1853 478 1936 μένων
517 1845 528 1942 Ι
567 1851 677 1918 καὶ
723 1851 798 1917 ἐν
841 1854 1134 1941 μετώπῳ,
1182 1853 1344 1917 ὅκου
1391 1851 1475 1916 ἂν
1519 1853 1592 1916 τὸ
1629 1852 1753 1933 μὲν
1788 1851 2020 1917 ὀστέον
2053 1854 2252 1930 ψιλὸν
2281 1875 2381 1922 232

256 1955 302 2047 ᾖ
347 1971 463 2046 τῆς
510 1961 750 2045 σαρκὸς
793 1959 902 2025 καὶ
950 1961 1112 2046 δοκῇ
1157 1984 1220 2023 τι
1267 1963 1454 2035 σίνος
1499 1956 1674 2043 ἔχειν
1708 1959 1837 2023 ὑπὸ
1875 1969 1997 2024 τοῦ
2033 1959 2277 2043 βέλεος,

253 2069 338 2133 τὰ
386 2068 460 2132 δὲ
506 2065 693 2131 ἕλκεα
738 2068 826 2151 μὴ
876 2068 1069 2131 ἱκανὰ
1111 2067 1186 2131 τὸ
1231 2066 1517 2149 μέγεθος
1559 2075 1680 2131 τοῦ
1726 2069 1964 2149 μήκεος
2008 2065 2116 2131 καὶ
2161 2076 2278 2150 τῆς

258 2174 617 2260 εὐρύτητος
663 2172 730 2250 ἐς
773 2174 897 2256 τὴν
943 2172 1178 2250 σκέψιν
1222 2180 1343 2237 τοῦ
1390 2171 1654 2255 ὀστέου,
1715 2178 1784 2236 εἴ
1818 2196 1882 2237 τι
1936 2162 2276 2238 πέπονθεν

253 2280 391 2345 ’ὑπὸ
437 2288 557 2345 τοῦ
605 2279 832 2363 βέλεος
876 2279 1080 2344 κακὸν
1123 2276 1233 2343 καὶ
1280 2278 1514 2343 ὁκοῖόν
1549 2265 1613 2342 τι
1649 2277 1947 2344 πέπονθε
1983 2278 2091 2343 καὶ
2129 2279 2277 2345 ὁκό-
2305 2307 2357 2346 20

254 2403 387 2468 σον
428 2387 551 2468 μὲν
595 2385 634 2469 ἡ
675 2383 835 2470 σὰρξ
875 2384 1239 2468 πέφλασται
1276 2383 1387 2449 καὶ
1423 2386 1497 2448 τὸ
1535 2384 1767 2450 ὀστέον
1803 2383 1935 2469 ἔχει
1970 2408 2034 2449 τι
2072 2389 2276 2469 σίνος,

254 2491 371 2557 καὶ
427 2491 487 2556 δ’
541 2486 697 2556 αὖτε
754 2492 812 2555 εἰ
866 2491 1088 2567 ἀσινές
1131 2491 1206 2555 τέ
1247 2489 1386 2555 ε’στι
1430 2492 1506 2555 τὸ
1552 2489 1786 2555 ὀστέον
1829 2491 1958 2554 ὑπὸ
2005 2499 2125 2555 τοῦ
2170 2491 2278 2573 βέ-

256 2578 409 2702 λεος
445 2597 554 2662 καὶ
581 2598 790 2682 μηδὲν
816 2597 1113 2663 πέπονθε
1149 2599 1374 2680 κακόν,
1411 2595 1520 2661 καὶ
1559 2595 1625 2672 ἐς
1659 2598 1782 2680 τὴν
1822 2603 2017 2681 ἵησιν,
2055 2596 2277 2681 ὁκοίης

254 2696 440 2780 τινὸς
496 2705 705 2768 δεῖται
758 2706 835 2768 τό
890 2727 960 2767 τε
1014 2685 1202 2824 ἕλκος
1253 2704 1297 2787 ἥ
1349 2726 1421 2767 τε
1467 2699 1627 2789 σὰρξ
1683 2701 1792 2767 καὶ
1837 2703 1878 2786 ἡ
1923 2703 2107 2786 παθη
2153 2713 2275 2769 τοῦ

404 2901 431 2949 1
463 2895 597 2951 οὐδὲ
622 2894 899 2960 πιέζεινῖἶ
971 2902 1002 2949 2
1033 2897 1163 2949 ante
1182 2896 1242 2950 ἐν
1272 2892 1456 2963 add&
1475 2892 1542 2961 V,
1572 2911 1676 2948 om
1697 2894 1742 2946 B
1852 2901 1882 2947 3
1915 2894 2235 2951 ἐνταῦθα..

254 2966 528 3036 ἐπιρροήν
565 2969 638 3037 (8)
678 2966 785 3020 del.
822 2966 993 3033 th.‚
1042 2967 1103 3021 ἐκ
1149 2965 1212 3020 δὲ
1255 2974 1409 3021 τῶν.
1487 2964 1795 3034 .ἐπιρροήν
1839 2965 1945 3019 del.
1983 2966 2129 3021 Erm.

256 3044 292 3093 5
329 3058 435 3093 κου
471 3038 542 3105 Β,
580 3057 692 3092 που
728 3037 780 3091 V
815 3037 962 3107 vulg.
1109 3043 1140 3090 6
1177 3036 1212 3105 ἡ
1250 3036 1384 3106 αλλη
1423 3053 1527 3091 om.
1557 3037 1602 3089 B
1758 3042 1787 3089 7
1828 3039 1958 3091 ante
1997 3036 2103 3092 ὅτω
2143 3039 2270 3092 add.

253 3113 336 3182 τῷ
352 3110 514 3163 Lind.
625 3114 656 3161 8
695 3110 958 3177 ἐπιρροῆς
984 3107 1035 3160 V
1144 3113 1209 3161 10
1249 3107 1349 3162 ἐαν
1376 3107 1439 3174 Β,
1479 3104 1651 3163 ἔπειθ’
1688 3105 1759 3163 αν
1787 3107 1839 3161 V
1934 3114 1999 3162 13
2029 3109 2272 3164 ἐπειδεῖν

253 3164 331 3247 Β,
378 3200 428 3235 ει
463 3182 663 3250 postea
700 3196 768 3233 ex
805 3189 830 3232 ἰ’
862 3179 1082 3232 videtu:
1123 3177 1338 3232 factum
1374 3194 1494 3232 esse
1639 3183 1704 3232 15
1744 3187 1811 3248 τῇ
1778 3187 1985 3249 ῇ.κεφ
2003 3177 2056 3232 V
2161 3200 2271 3249 γ.εν

255 3251 405 3305 Erm.
520 3257 586 3304 16
614 3271 691 3324 τῳ
710 3252 952 3319 perdum
977 3250 1022 3302 B
1099 3268 1206 3319 οπη
1234 3249 1286 3303 V
1387 3253 1453 3301 17
1482 3246 1613 3304 δοκέ
1678 3250 1835 3303 codd.
1949 3255 2013 3302 18
2048 3250 2120 3319 μὴ
2150 3202 2229 3322 (ᾗ

259 3306 745 3377 ῐκ.Β,11ᾶ.ἱκινα
771 3321 816 3373 Β
952 3327 1018 3374 20
1058 3318 1190 3375 ὅσον
1227 3320 1278 3373 V
1412 3325 1476 3373 21
1516 3319 1551 3388 ἡ
1589 3270 1707 3394 μῖν
1726 3337 1771 3374 σ.
1810 3320 1863 3373 V
1931 3341 1985 3375 τι
2022 3329 2175 3383 σῖνος

255 3390 317 3446 τί
352 3393 506 3456 σινὸς
539 3392 607 3459 V,
651 3393 716 3447 τὸ
755 3391 943 3463 (vulg.)
982 3390 1135 3455 σίνος
1169 3391 1301 3445 Litt.
1335 3390 1434 3457 Pq.
1580 3395 1646 3443 22
1696 3389 1750 3446 δ’
1793 3408 1959 3444 ανται
1997 3390 2046 3444 εἰ
2085 3391 2131 3441 Β

263 3468 349 3516 23
378 3469 447 3517 24
485 3462 859 3533 ὁκοιηστεινος
895 3467 1100 3519 δειτετο
1140 3461 1246 3517 mu.
1283 3461 1346 3527 Β,
1390 3481 1511 3530 οιης
1547 3462 1726 3514 δεῖται
1760 3480 1913 3523 τινος
1947 3459 2010 3515 τό
2045 3478 2103 3511 τε
2142 3458 2181 3510 3'.
2221 3455 2270 3506 V

371 3564 711 3605 numanus
733 3563 795 3603 11.
1923 3552 1954 3597 2
