2588 3876
1048 127 1466 178 PRAEFATIO.
2171 128 2278 178 VII

255 286 355 366 qui
391 310 503 366 per
540 309 674 349 eum
711 291 930 350 librum
954 294 1045 350 ita
1080 293 1253 352 illum
1288 294 1575 370 neglexit,
1612 296 1681 351 ut
1715 313 1789 352 ne
1827 294 2007 352 semel
2034 293 2275 368 quidem

254 382 371 439 eius
427 382 789 439 mentionem
842 382 1028 440 faciat
1081 384 1324 457 eiusque
1380 382 1698 440 editionem
1753 382 2043 457 inspicere
2097 383 2275 458 plane

254 469 643 544 supersedisse
688 469 979 553 videatur.

380 557 498 616 Sed
561 562 631 616 ut
693 560 815 617 iam
878 560 955 617 ad
1000 560 1228 618 codices
1287 562 1618 634 veniamus,
1685 560 1898 635 quibus
1957 561 2021 617 in
2080 560 2275 618 verbis

252 647 420 705 huius
477 648 798 706 voluminis
863 648 1286 708 constituendis
1347 652 1440 707 usi
1499 667 1727 722 sumuS,
1790 649 2021 707 nullum
2083 651 2275 727 magis

252 737 507 812 amplexi
562 754 762 795 sumus
809 756 989 812 quam
1044 739 1523 813 antiquissimum
1577 736 2044 796 Laurentianum
2086 740 2120 796 7
2128 739 2187 812 4,
2219 739 2273 795 7.

250 825 401 883 Eum
463 827 529 882 in
588 825 756 884 libris
819 819 947 884 κατ’
1005 825 1287 905 ἰητρεῖον,
1351 823 1483 905 περὶ
1541 822 1776 906 ἀγμῶν,
1838 823 1971 905 περὶ
2029 822 2276 906 ἄρθρων

247 912 528 991 ἐμβολῆς,
574 913 638 971 in
682 916 880 989 priore
925 918 1095 990 parte
1144 907 1244 995 (cf.
1291 916 1451 973 infra
1496 935 1553 990 p.
1586 916 1688 989 23,
1720 907 1787 996 5)
1834 914 1999 989 libri,
2046 917 2151 990 qui
2188 918 2277 974 est

250 1002 319 1060 de
357 1002 572 1078 capitis
608 1003 976 1080 vulneribus,
1026 1005 1198 1080 quasi
1232 1004 1686 1062 fundamentum
1724 1022 1847 1063 esse
1883 1004 2178 1063 voluimus
2217 1007 2277 1063 et

250 1084 335 1149 ita
390 1093 582 1150 secuti
641 1110 868 1165 sumus,
928 1096 998 1151 ut
1061 1093 1355 1168 quidquid
1417 1095 1481 1151 in
1541 1096 1838 1168 apparatu
1893 1094 2097 1152 critico
2158 1112 2277 1151 non

249 1180 597 1254 adnotatur,
661 1200 730 1239 ex
785 1181 1021 1240 silentio
1077 1182 1170 1240 illi
1234 1184 1393 1240 certo
1447 1181 1795 1241 vindicetur.
1897 1182 2148 1259 Egregie
2204 1181 2277 1240 de

249 1288 316 1327 eo
361 1269 562 1328 codice
609 1288 796 1344 nuper
840 1271 1058 1329 meruit
1102 1270 1478 1330 Hermannus
1527 1270 1813 1345 Schoene,
1871 1272 1975 1346 qui
2028 1271 2275 1347 diligen-

247 1360 481 1416 tissima
524 1360 993 1433 perscrutatione
1038 1359 1360 1436 iudiciique
1407 1361 1677 1419 acumine
1724 1363 1785 1417 et
1830 1360 2096 1439 sollertia
2144 1378 2278 1418 cum

246 1448 452 1505 multis
501 1447 646 1505 locis
693 1466 762 1505 ea
809 1448 975 1506 auxit
1021 1451 1081 1506 et
1125 1450 1403 1523 correxit,
1452 1468 1602 1523 quae
1638 1451 1702 1506 in
1738 1450 1921 1524 primi
1956 1448 2275 1507 voluminis

251 1536 470 1612 proleg.
511 1555 566 1610 p.
605 1535 754 1593 xm
789 1537 1053 1611 proferre
1089 1539 1419 1612 potuimus,
1455 1541 1585 1595 tum
1620 1538 2088 1612 praeclarissime
2124 1537 2277 1595 illud

249 1623 705 1699 demonstravit,
753 1644 887 1682 eum
925 1644 1048 1684 esse
1087 1627 1307 1685 saeculi
1342 1625 1428 1683 IX
1466 1628 1571 1684 aut
1607 1626 1687 1699 X,
1733 1644 1878 1700 non,
1916 1628 2068 1685 sicut
2104 1626 2276 1685 nobis

247 1708 441 1771 visum
491 1715 647 1788 erat,
692 1712 778 1770 XI
821 1715 919 1772 vel
963 1714 1094 1772 ΚΠ.

380 1801 498 1859 Sed
544 1821 678 1861 cum
723 1821 760 1861 a
804 1801 1070 1862 Littraeo
1107 1805 1171 1861 in
1217 1803 1437 1862 eisdem
1472 1803 1640 1862 libris
1679 1803 2023 1880 chirurgicis
2061 1802 2277 1861 codicis

247 1890 497 1950 Medicei
542 1891 848 1950 cuiusdam
893 1892 1099 1952 eadem
1135 1893 1339 1952 littera
1375 1893 1427 1951 B
1465 1891 1786 1970 significati
1821 1892 2101 1951 lectiones
2140 1909 2276 1951 con-

247 1978 454 2038 tinuae
502 1980 943 2055 adscribantur,
988 2000 1200 2041 moneo
1236 1983 1393 2041 hunc
1433 2002 1466 2039 a
1503 2001 1634 2040 meo
1671 1984 1983 2056 tantopere
2022 1981 2275 2056 differre,

246 2072 316 2127 ut
360 2070 522 2128 idem
569 2088 693 2128 esse
739 2073 1015 2145 nequeat.
1107 2069 1293 2138 Quem
1347 2070 1619 2145 FoesiuS,
1675 2070 1839 2129 cuius
1895 2090 1966 2129 ex
2020 2069 2277 2129 editione

247 2157 548 2217 Littraeus
613 2158 750 2217 illas
815 2160 1098 2218 lectiones
1164 2159 1529 2235 deprompsit
1593 2156 1693 2236 (cf.
1760 2177 2003 2218 oeuvres
2064 2160 2276 2233 compl.

246 2246 307 2304 H
364 2239 557 2328 378),
630 2247 890 2306 codicem
961 2248 1291 2307 Mediceum
1362 2249 1746 2323 intellexerit,
1819 2267 2009 2323 neque
2084 2247 2278 2306 editor

244 2334 552 2395 Parisinus
580 2336 880 2396 laboravit
916 2356 1106 2413 neque
1135 2357 1242 2414 ego
1272 2337 1465 2396 adhuc
1501 2336 1757 2412 reperire
1785 2336 1969 2412 potui.
2036 2337 2278 2411 Eorum,

243 2425 349 2499 qui
405 2444 564 2483 nunc
617 2426 682 2482 in
735 2425 1097 2486 bibliotheca
1142 2423 1409 2485 Medicea
1462 2429 1869 2500 asservantur,
1922 2425 2122 2484 nullus
2170 2429 2278 2499 est,

245 2515 350 2588 qui
397 2532 534 2572 cum
576 2501 868 2572 Foesiano
915 2515 1059 2573 satis
1106 2517 1410 2592 congruat.
1493 2514 1763 2573 Proxime
1813 2515 1889 2572 ad
1935 2533 2070 2572 eum
2116 2532 2277 2572 acce-

242 2602 381 2660 dere
438 2602 740 2662 Parisinos
799 2603 930 2661 MN
991 2603 1184 2680 primo
1250 2604 1464 2663 obtutu
1528 2624 1600 2661 ex
1661 2602 1916 2662 Littraei
1981 2605 2278 2678 apparatu

239 2693 630 2767 perspicitur,
678 2710 931 2767 quorum
975 2697 1226 2767 uterque
1271 2693 1466 2752 medio
1512 2692 1748 2751 saeculo
1794 2691 1937 2749 XVI
1982 2710 2051 2748 ex
2096 2690 2278 2750 Italia

241 2779 307 2837 in
336 2778 600 2839 Galliam
635 2781 963 2840 translatus
1000 2775 1102 2861 (cf.
1143 2781 1403 2840 Schoene
1441 2780 1637 2856 Apoll.
1679 2779 1791 2838 Git.
1827 2800 1886 2855 p.
1916 2779 2090 2837 XVII
2117 2777 2275 2856 sqq.)

242 2887 316 2926 ex
350 2868 756 2927 Laurentiano
795 2871 895 2944 74,
927 2872 961 2928 7
1004 2870 1292 2947 originem
1329 2860 1579 2949 duxit.³)
1670 2868 1965 2944 Equidem
2004 2868 2275 2928 existimo

242 2958 310 3014 in
346 2958 455 3016 illo
493 2957 673 3016 titulo
712 2957 926 3016 codicis
973 2959 1223 3017 Medicei
1260 2978 1297 3017 a
1333 2958 1544 3018 Foesio
1580 2961 1869 3033 usurpato
1915 2958 2278 3034 farraginem

241 3047 550 3120 quandam
595 3047 782 3104 latere
830 3048 1151 3106 lectionum
1197 3067 1268 3106 ex
1312 3046 1581 3124 pluribus
1628 3048 1991 3106 collectionis
2029 3046 2277 3105 Nicetae

244 3134 545 3194 codicibus
612 3138 1048 3213 congestarum,
1118 3139 1241 3195 sive
1308 3156 1378 3193 ex
1438 3138 1522 3195 eis
1581 3138 1917 3211 promiscua
1976 3135 2040 3193 in
2092 3155 2279 3193 unum

245 3224 549 3299 exemplar
594 3224 1024 3301 confluxerunt,
1072 3226 1194 3284 sive
1240 3225 1423 3284 variis
1468 3217 1819 3284 lectionibus
1864 3226 2039 3282 unius
2085 3225 2277 3282 cuius-

392 3361 441 3427 1)
472 3358 539 3411 H.
563 3357 812 3413 Schoene
833 3358 1018 3413 Foesii
1045 3359 1362 3413 Mediccum
1390 3359 1708 3412 Parisinum
1736 3356 1790 3409 N
1818 3373 1938 3409 esse
1970 3355 2274 3432 existimat,

249 3424 338 3479 ita
389 3429 767 3495 nominatum,
825 3431 976 3498 quod
1030 3431 1318 3499 qnondam
1374 3428 1709 3483 Catharinae
1764 3425 2050 3479 Mediceae
2104 3424 2275 3475 fuerit

251 3497 346 3566 (cf.
383 3499 712 3568 Apollonius
753 3499 857 3555 Cit.
887 3519 941 3570 p.
972 3501 1134 3573 XIX).
