<?xml version="1.0" encoding="UTF-8"?>
<!DOCTYPE html PUBLIC "-//W3C//DTD XHTML 1.0 Transitional//EN"
    "http://www.w3.org/TR/xhtml1/DTD/xhtml1-transitional.dtd">
<html xmlns="http://www.w3.org/1999/xhtml" xml:lang="en" lang="en">
 <head>
  <title>
</title>
<meta http-equiv="Content-Type" content="text/html;charset=utf-8" />
  <meta name='ocr-system' content='tesseract 3.04.00' />
  <meta name='ocr-capabilities' content='ocr_page ocr_carea ocr_par ocr_line ocrx_word'/>
</head>
<body>
  <div class='ocr_page' id='page_1' title='image "./operaqvaefervnt00ilbegoog_0143.png"; bbox 0 0 2588 3876; ppageno 0'>
   <div class='ocr_carea' id='block_1_1' title="bbox 842 141 2197 206">
    <p class='ocr_par' dir='ltr' id='par_1_1' title="bbox 842 141 2197 206">
     <span class='ocr_line' id='line_1_1' title="bbox 842 141 2197 206; baseline 0.01 -14"><span class='ocrx_word' id='word_1_1' title='bbox 842 144 1015 193; x_wconf 82' lang='grc' dir='ltr'><strong>ΠΕΡΙ</strong></span> <span class='ocrx_word' id='word_1_2' title='bbox 1049 142 1305 194; x_wconf 72' lang='grc' dir='ltr'><strong>ΑΓΜῼΝ</strong></span> <span class='ocrx_word' id='word_1_3' title='bbox 1342 146 1427 194; x_wconf 83' lang='lat'><em>47.</em></span> <span class='ocrx_word' id='word_1_4' title='bbox 1467 146 1536 195; x_wconf 86' lang='lat'><em>48</em></span> <span class='ocrx_word' id='word_1_5' title='bbox 2072 141 2197 206; x_wconf 88' lang='lat'><em>109</em></span> 
     </span>
    </p>
   </div>
   <div class='ocr_carea' id='block_1_2' title="bbox 185 295 2310 1882">
    <p class='ocr_par' dir='ltr' id='par_1_2' title="bbox 185 295 2310 1776">
     <span class='ocr_line' id='line_1_2' title="bbox 194 295 2197 390; baseline 0.002 -24"><span class='ocrx_word' id='word_1_6' title='bbox 194 309 493 368; x_wconf 87' lang='grc' dir='ltr'><em>τοιοῦτον</em></span> <span class='ocrx_word' id='word_1_7' title='bbox 539 309 906 387; x_wconf 81' lang='grc' dir='ltr'><em>ποιεῖσθαι,</em></span> <span class='ocrx_word' id='word_1_8' title='bbox 971 295 1121 369; x_wconf 85' lang='grc' dir='ltr'><em>οἷόν</em></span> <span class='ocrx_word' id='word_1_9' title='bbox 1183 325 1306 389; x_wconf 89' lang='grc' dir='ltr'><em>περ</em></span> <span class='ocrx_word' id='word_1_10' title='bbox 1371 295 1506 369; x_wconf 88' lang='grc' dir='ltr'><em>οἷσι</em></span> <span class='ocrx_word' id='word_1_11' title='bbox 1561 305 1852 390; x_wconf 80' lang='grc' dir='ltr'><em>βραχίων</em></span> <span class='ocrx_word' id='word_1_12' title='bbox 1907 303 2197 370; x_wconf 81' lang='grc' dir='ltr'><em>ἐπεδεῖτο</em></span> 
     </span>
     <span class='ocr_line' id='line_1_3' title="bbox 191 407 2201 497; baseline 0.001 -24"><span class='ocrx_word' id='word_1_13' title='bbox 191 407 485 492; x_wconf 78' lang='grc' dir='ltr'><em>καταγεὶς</em></span> <span class='ocrx_word' id='word_1_14' title='bbox 531 408 642 475; x_wconf 86' lang='grc' dir='ltr'><em>καὶ</em></span> <span class='ocrx_word' id='word_1_15' title='bbox 686 420 921 495; x_wconf 82' lang='grc' dir='ltr'><strong><em>πῆχυς·</em></strong></span> <span class='ocrx_word' id='word_1_16' title='bbox 966 413 1359 476; x_wconf 88' lang='grc' dir='ltr'><em>κοινότατον</em></span> <span class='ocrx_word' id='word_1_17' title='bbox 1403 411 1527 492; x_wconf 76' lang='grc' dir='ltr'><em>μὲν</em></span> <span class='ocrx_word' id='word_1_18' title='bbox 1571 412 1698 497; x_wconf 73' lang='grc' dir='ltr'><em>γὰρ</em></span> <span class='ocrx_word' id='word_1_19' title='bbox 1742 420 1946 477; x_wconf 82' lang='grc' dir='ltr'><em>πᾶσιν</em></span> <span class='ocrx_word' id='word_1_20' title='bbox 1984 421 2201 477; x_wconf 87' lang='grc' dir='ltr'><em>τοῖσιν</em></span> 
     </span>
     <span class='ocr_line' id='line_1_4' title="bbox 192 514 2202 601; baseline 0.001 -22"><span class='ocrx_word' id='word_1_21' title='bbox 192 515 632 600; x_wconf 81' lang='grc' dir='ltr'><em>ὀλισθήμασιν</em></span> <span class='ocrx_word' id='word_1_22' title='bbox 667 514 776 582; x_wconf 85' lang='grc' dir='ltr'><em>καὶ</em></span> <span class='ocrx_word' id='word_1_23' title='bbox 813 527 988 583; x_wconf 89' lang='grc' dir='ltr'><em>τοῖσι</em></span> <span class='ocrx_word' id='word_1_24' title='bbox 1032 519 1389 600; x_wconf 81' lang='grc' dir='ltr'><strong><em>κινήμασιν</em></strong></span> <span class='ocrx_word' id='word_1_25' title='bbox 1432 515 1543 582; x_wconf 88' lang='grc' dir='ltr'><em>καὶ</em></span> <span class='ocrx_word' id='word_1_26' title='bbox 1588 527 1761 582; x_wconf 87' lang='grc' dir='ltr'><em>τοῖσι</em></span> <span class='ocrx_word' id='word_1_27' title='bbox 1796 520 2202 601; x_wconf 73' lang='grc' dir='ltr'><em>κατήγμασιν</em></span> 
     </span>
     <span class='ocr_line' id='line_1_5' title="bbox 190 623 2202 709; baseline 0.001 -22"><span class='ocrx_word' id='word_1_28' title='bbox 190 631 377 688; x_wconf 85' lang='grc' dir='ltr'><em>τοῦτο</em></span> <span class='ocrx_word' id='word_1_29' title='bbox 423 625 502 689; x_wconf 88' lang='grc' dir='ltr'><em>τὸ</em></span> <span class='ocrx_word' id='word_1_30' title='bbox 551 625 763 708; x_wconf 79' lang='grc' dir='ltr'><em>σχῆμά</em></span> <span class='ocrx_word' id='word_1_31' title='bbox 808 623 975 708; x_wconf 80' lang='grc' dir='ltr'><em>ἐστι,</em></span> <span class='ocrx_word' id='word_1_32' title='bbox 1029 626 1421 689; x_wconf 87' lang='grc' dir='ltr'><em>κοινότατον</em></span> <span class='ocrx_word' id='word_1_33' title='bbox 1476 624 1551 689; x_wconf 82' lang='grc' dir='ltr'><em>δὲ</em></span> <span class='ocrx_word' id='word_1_34' title='bbox 1603 626 1769 709; x_wconf 88' lang='grc' dir='ltr'><em>πρὸς</em></span> <span class='ocrx_word' id='word_1_35' title='bbox 1813 626 1936 708; x_wconf 82' lang='grc' dir='ltr'><em>τὴν</em></span> <span class='ocrx_word' id='word_1_36' title='bbox 1981 626 2202 689; x_wconf 82' lang='grc' dir='ltr'><em>ἔπειτα</em></span> 
     </span>
     <span class='ocr_line' id='line_1_6' title="bbox 192 729 2279 814; baseline 0.002 -21"><span class='ocrx_word' id='word_1_37' title='bbox 192 729 486 796; x_wconf 73' lang='grc' dir='ltr'><em>διάτασιν</em></span> <span class='ocrx_word' id='word_1_38' title='bbox 542 730 654 796; x_wconf 87' lang='grc' dir='ltr'><em>καὶ</em></span> <span class='ocrx_word' id='word_1_39' title='bbox 716 732 792 795; x_wconf 87' lang='grc' dir='ltr'><em>τὸ</em></span> <span class='ocrx_word' id='word_1_40' title='bbox 857 730 1202 796; x_wconf 83' lang='grc' dir='ltr'><em>ἐκτανύειν</em></span> <span class='ocrx_word' id='word_1_41' title='bbox 1260 730 1502 795; x_wconf 81' lang='grc' dir='ltr'><em>ἕκαστα</em></span> <span class='ocrx_word' id='word_1_42' title='bbox 1561 729 1673 795; x_wconf 87' lang='grc' dir='ltr'><em>καὶ</em></span> <span class='ocrx_word' id='word_1_43' title='bbox 1728 730 2199 814; x_wconf 73' lang='grc' dir='ltr'><em>συγκάμπτειν·</em></span> <span class='ocrx_word' id='word_1_44' title='bbox 2255 757 2279 798; x_wconf 75' lang='lat'><strong>5</strong></span> 
     </span>
     <span class='ocr_line' id='line_1_7' title="bbox 191 834 2201 923; baseline 0.001 -23"><span class='ocrx_word' id='word_1_45' title='bbox 191 834 504 903; x_wconf 79' lang='grc' dir='ltr'><em>ἐντεῦθεν</em></span> <span class='ocrx_word' id='word_1_46' title='bbox 548 838 675 923; x_wconf 75' lang='grc' dir='ltr'><em>γὰρ</em></span> <span class='ocrx_word' id='word_1_47' title='bbox 722 836 872 902; x_wconf 87' lang='grc' dir='ltr'><em>ὁδοὶ</em></span> <span class='ocrx_word' id='word_1_48' title='bbox 919 836 986 913; x_wconf 82' lang='grc' dir='ltr'><em>ἐς</em></span> <span class='ocrx_word' id='word_1_49' title='bbox 1030 836 1372 922; x_wconf 82' lang='grc' dir='ltr'><em>ἀμφότερα</em></span> <span class='ocrx_word' id='word_1_50' title='bbox 1423 834 1895 923; x_wconf 78' lang='grc' dir='ltr'><em>παραπλήσιοι·</em></span> <span class='ocrx_word' id='word_1_51' title='bbox 1960 837 2201 921; x_wconf 79' lang='grc' dir='ltr'><em>εὐοχώ-</em></span> 
     </span>
     <span class='ocr_line' id='line_1_8' title="bbox 188 942 2202 1032; baseline 0.001 -25"><span class='ocrx_word' id='word_1_52' title='bbox 188 966 378 1008; x_wconf 85' lang='grc' dir='ltr'><em>τατον</em></span> <span class='ocrx_word' id='word_1_53' title='bbox 412 944 490 1009; x_wconf 78' lang='grc' dir='ltr'><em>δὲ</em></span> <span class='ocrx_word' id='word_1_54' title='bbox 526 942 638 1009; x_wconf 87' lang='grc' dir='ltr'><em>καὶ</em></span> <span class='ocrx_word' id='word_1_55' title='bbox 676 943 1294 1028; x_wconf 86' lang='grc' dir='ltr'><em>εὐαναληπτότατον</em></span> <span class='ocrx_word' id='word_1_56' title='bbox 1333 943 1509 1032; x_wconf 77' lang='grc' dir='ltr'><em>αὐτῷ</em></span> <span class='ocrx_word' id='word_1_57' title='bbox 1529 951 1620 1032; x_wconf 78' lang='grc' dir='ltr'><em>τῷ</em></span> <span class='ocrx_word' id='word_1_58' title='bbox 1648 943 1969 1025; x_wconf 75' lang='grc' dir='ltr'><em>κάμνοντι</em></span> <span class='ocrx_word' id='word_1_59' title='bbox 2003 952 2202 1009; x_wconf 83' lang='grc' dir='ltr'><em>τοῦτο</em></span> 
     </span>
     <span class='ocr_line' id='line_1_9' title="bbox 188 1041 2201 1137; baseline 0.001 -23"><span class='ocrx_word' id='word_1_60' title='bbox 188 1051 255 1114; x_wconf 88' lang='grc' dir='ltr'><em>τὸ</em></span> <span class='ocrx_word' id='word_1_61' title='bbox 300 1060 532 1135; x_wconf 83' lang='grc' dir='ltr'><em>σχῆμα.</em></span> <span class='ocrx_word' id='word_1_62' title='bbox 604 1048 703 1115; x_wconf 77' lang='grc' dir='ltr'><em>ἔτι</em></span> <span class='ocrx_word' id='word_1_63' title='bbox 740 1050 816 1115; x_wconf 77' lang='grc' dir='ltr'><em>δὲ</em></span> <span class='ocrx_word' id='word_1_64' title='bbox 849 1041 1026 1137; x_wconf 58' lang='grc' dir='ltr'><em>’πρὸς</em></span> <span class='ocrx_word' id='word_1_65' title='bbox 1060 1052 1353 1134; x_wconf 82' lang='grc' dir='ltr'><em>τούτοις,</em></span> <span class='ocrx_word' id='word_1_66' title='bbox 1402 1052 1460 1115; x_wconf 82' lang='grc' dir='ltr'><em>εἰ</em></span> <span class='ocrx_word' id='word_1_67' title='bbox 1505 1051 1632 1136; x_wconf 77' lang='grc' dir='ltr'><em>ἄρα</em></span> <span class='ocrx_word' id='word_1_68' title='bbox 1666 1052 2023 1136; x_wconf 81' lang='grc' dir='ltr'><em>κρατηθείη</em></span> <span class='ocrx_word' id='word_1_69' title='bbox 2069 1051 2201 1116; x_wconf 79' lang='grc' dir='ltr'><em>ὑπὸ</em></span> 
     </span>
     <span class='ocr_line' id='line_1_10' title="bbox 186 1152 2204 1243; baseline 0 -22"><span class='ocrx_word' id='word_1_70' title='bbox 186 1166 298 1222; x_wconf 88' lang='grc' dir='ltr'><em>τοῦ</em></span> <span class='ocrx_word' id='word_1_71' title='bbox 343 1158 781 1242; x_wconf 81' lang='grc' dir='ltr'><em>πωρώματος,</em></span> <span class='ocrx_word' id='word_1_72' title='bbox 842 1158 902 1222; x_wconf 78' lang='grc' dir='ltr'><em>εἰ</em></span> <span class='ocrx_word' id='word_1_73' title='bbox 946 1152 1070 1239; x_wconf 74' lang='grc' dir='ltr'><em>μὲν</em></span> <span class='ocrx_word' id='word_1_74' title='bbox 1115 1155 1502 1241; x_wconf 78' lang='grc' dir='ltr'><em>ἐκτεταμένη</em></span> <span class='ocrx_word' id='word_1_75' title='bbox 1550 1157 1591 1240; x_wconf 79' lang='grc' dir='ltr'><em>ἡ</em></span> <span class='ocrx_word' id='word_1_76' title='bbox 1638 1155 1778 1243; x_wconf 83' lang='grc' dir='ltr'><em>χεὶρ</em></span> <span class='ocrx_word' id='word_1_77' title='bbox 1822 1159 2204 1243; x_wconf 81' lang='grc' dir='ltr'><em>κρατηθείη,</em></span> 
     </span>
     <span class='ocr_line' id='line_1_11' title="bbox 186 1260 2285 1349; baseline 0.001 -22"><span class='ocrx_word' id='word_1_78' title='bbox 186 1262 478 1349; x_wconf 78' lang='grc' dir='ltr'><em>κρέσσων</em></span> <span class='ocrx_word' id='word_1_79' title='bbox 535 1262 621 1328; x_wconf 73' lang='grc' dir='ltr'><em>ἂν</em></span> <span class='ocrx_word' id='word_1_80' title='bbox 676 1269 775 1348; x_wconf 77' lang='grc' dir='ltr'><em>εἴη</em></span> <span class='ocrx_word' id='word_1_81' title='bbox 831 1265 919 1348; x_wconf 85' lang='grc' dir='ltr'><em>μὴ</em></span> <span class='ocrx_word' id='word_1_82' title='bbox 979 1273 1381 1349; x_wconf 86' lang='grc' dir='ltr'><em>προσεοῦσα·</em></span> <span class='ocrx_word' id='word_1_83' title='bbox 1445 1270 1713 1336; x_wconf 80' lang='grc' dir='ltr'><em>πολλῶν</em></span> <span class='ocrx_word' id='word_1_84' title='bbox 1770 1260 1894 1345; x_wconf 76' lang='grc' dir='ltr'><em>μὲν</em></span> <span class='ocrx_word' id='word_1_85' title='bbox 1940 1264 2063 1348; x_wconf 74' lang='grc' dir='ltr'><em>γὰρ</em></span> <span class='ocrx_word' id='word_1_86' title='bbox 2120 1262 2204 1328; x_wconf 76' lang='grc' dir='ltr'><em>ἂν</em></span> <span class='ocrx_word' id='word_1_87' title='bbox 2233 1290 2285 1330; x_wconf 80' lang='grc' dir='ltr'><em>ιο</em></span> 
     </span>
     <span class='ocr_line' id='line_1_12' title="bbox 185 1365 2310 1456; baseline -0 -21"><span class='ocrx_word' id='word_1_88' title='bbox 185 1371 450 1453; x_wconf 82' lang='grc' dir='ltr'><em>κώλυμα</em></span> <span class='ocrx_word' id='word_1_89' title='bbox 496 1377 630 1453; x_wconf 74' lang='grc' dir='ltr'><em>εἴη,</em></span> <span class='ocrx_word' id='word_1_90' title='bbox 672 1370 921 1456; x_wconf 80' lang='grc' dir='ltr'><em>ὠφελίη</em></span> <span class='ocrx_word' id='word_1_91' title='bbox 971 1371 1047 1436; x_wconf 76' lang='grc' dir='ltr'><em>δὲ</em></span> <span class='ocrx_word' id='word_1_92' title='bbox 1092 1369 1364 1453; x_wconf 83' lang='grc' dir='ltr'><em>ὀλίγων·</em></span> <span class='ocrx_word' id='word_1_93' title='bbox 1429 1371 1488 1435; x_wconf 77' lang='grc' dir='ltr'><em>εἰ</em></span> <span class='ocrx_word' id='word_1_94' title='bbox 1535 1368 1596 1435; x_wconf 87' lang='grc' dir='ltr'><em>δ’</em></span> <span class='ocrx_word' id='word_1_95' title='bbox 1651 1365 1735 1435; x_wconf 83' lang='grc' dir='ltr'><em>αὖ</em></span> <span class='ocrx_word' id='word_1_96' title='bbox 1777 1368 1785 1456; x_wconf 85' lang='grc' dir='ltr'>Ι</span> <span class='ocrx_word' id='word_1_97' title='bbox 1827 1386 2189 1453; x_wconf 83' lang='grc' dir='ltr'><em>συγκεκαμ-</em></span> <span class='ocrx_word' id='word_1_98' title='bbox 2208 1386 2310 1435; x_wconf 83' lang='lat'><em>560</em></span> 
     </span>
     <span class='ocr_line' id='line_1_13' title="bbox 185 1474 2205 1564; baseline -0 -23"><span class='ocrx_word' id='word_1_99' title='bbox 185 1477 361 1562; x_wconf 85' lang='grc' dir='ltr'><em>μένη,</em></span> <span class='ocrx_word' id='word_1_100' title='bbox 397 1482 663 1559; x_wconf 83' lang='grc' dir='ltr'><em>μᾶλλον</em></span> <span class='ocrx_word' id='word_1_101' title='bbox 689 1477 1047 1562; x_wconf 76' lang='grc' dir='ltr'><em>εὔχρηστος</em></span> <span class='ocrx_word' id='word_1_102' title='bbox 1076 1476 1161 1541; x_wconf 73' lang='grc' dir='ltr'><em>ἂν</em></span> <span class='ocrx_word' id='word_1_103' title='bbox 1189 1481 1317 1559; x_wconf 77' lang='grc' dir='ltr'><em>εἴη·</em></span> <span class='ocrx_word' id='word_1_104' title='bbox 1354 1480 1578 1564; x_wconf 76' lang='grc' dir='ltr'><em>πολλῷ</em></span> <span class='ocrx_word' id='word_1_105' title='bbox 1609 1476 1685 1541; x_wconf 77' lang='grc' dir='ltr'><em>δὲ</em></span> <span class='ocrx_word' id='word_1_106' title='bbox 1711 1474 2205 1561; x_wconf 85' lang='grc' dir='ltr'><em>εὐχρηστοτέρη,</em></span> 
     </span>
     <span class='ocr_line' id='line_1_14' title="bbox 185 1579 2205 1668; baseline -0 -21"><span class='ocrx_word' id='word_1_107' title='bbox 185 1585 240 1647; x_wconf 83' lang='grc' dir='ltr'><em>εἰ</em></span> <span class='ocrx_word' id='word_1_108' title='bbox 290 1586 363 1650; x_wconf 89' lang='grc' dir='ltr'><em>τὸ</em></span> <span class='ocrx_word' id='word_1_109' title='bbox 423 1584 544 1649; x_wconf 78' lang='grc' dir='ltr'><em>διὰ</em></span> <span class='ocrx_word' id='word_1_110' title='bbox 595 1582 827 1665; x_wconf 72' lang='grc' dir='ltr'><em>μέσου·</em></span> <span class='ocrx_word' id='word_1_111' title='bbox 858 1592 1072 1668; x_wconf 83' lang='grc' dir='ltr'><em>σχῆμα</em></span> <span class='ocrx_word' id='word_1_112' title='bbox 1126 1579 1371 1666; x_wconf 79' lang='grc' dir='ltr'><em>ἔχουσα</em></span> <span class='ocrx_word' id='word_1_113' title='bbox 1424 1584 1776 1668; x_wconf 81' lang='grc' dir='ltr'><em>πωρωθείη</em></span> <span class='ocrx_word' id='word_1_114' title='bbox 1836 1582 2205 1668; x_wconf 60' lang='grc' dir='ltr'><em>[κρέσσων]</em></span> 
     </span>
     <span class='ocr_line' id='line_1_15' title="bbox 186 1687 1502 1776; baseline -0.001 -23"><span class='ocrx_word' id='word_1_115' title='bbox 186 1692 261 1754; x_wconf 80' lang='grc' dir='ltr'><em>τὰ</em></span> <span class='ocrx_word' id='word_1_116' title='bbox 300 1687 431 1772; x_wconf 75' lang='grc' dir='ltr'><em>μὲν</em></span> <span class='ocrx_word' id='word_1_117' title='bbox 479 1689 630 1776; x_wconf 91' lang='grc' dir='ltr'><em>περὶ</em></span> <span class='ocrx_word' id='word_1_118' title='bbox 676 1699 797 1755; x_wconf 86' lang='grc' dir='ltr'><em>τοῦ</em></span> <span class='ocrx_word' id='word_1_119' title='bbox 845 1691 1170 1774; x_wconf 85' lang='grc' dir='ltr'><em>σχήματος</em></span> <span class='ocrx_word' id='word_1_120' title='bbox 1214 1697 1502 1753; x_wconf 86' lang='grc' dir='ltr'><em>τοιαῦτα.</em></span> 
     </span>
    </p>

    <p class='ocr_par' dir='ltr' id='par_1_3' title="bbox 192 1792 2285 1882">
     <span class='ocr_line' id='line_1_16' title="bbox 192 1792 2285 1882; baseline -0 -19"><span class='ocrx_word' id='word_1_121' title='bbox 192 1812 196 1818; x_wconf 81' lang='grc'>’</span> <span class='ocrx_word' id='word_1_122' title='bbox 310 1798 421 1863; x_wconf 88' lang='grc'><em>48.</em></span> <span class='ocrx_word' id='word_1_123' title='bbox 489 1794 788 1863; x_wconf 86' lang='grc' dir='ltr'><em>Ἐπιδεῖν</em></span> <span class='ocrx_word' id='word_1_124' title='bbox 852 1792 927 1860; x_wconf 78' lang='grc' dir='ltr'><em>δὲ</em></span> <span class='ocrx_word' id='word_1_125' title='bbox 991 1797 1113 1882; x_wconf 87' lang='grc' dir='ltr'><em>χρὴ</em></span> <span class='ocrx_word' id='word_1_126' title='bbox 1178 1797 1300 1878; x_wconf 83' lang='grc' dir='ltr'><em>τήν</em></span> <span class='ocrx_word' id='word_1_127' title='bbox 1353 1818 1423 1860; x_wconf 90' lang='grc' dir='ltr'><em>τε</em></span> <span class='ocrx_word' id='word_1_128' title='bbox 1488 1793 1695 1881; x_wconf 81' lang='grc' dir='ltr'><em>ἀρχὴν</em></span> <span class='ocrx_word' id='word_1_129' title='bbox 1756 1802 1878 1859; x_wconf 87' lang='grc' dir='ltr'><em>τοῦ</em></span> <span class='ocrx_word' id='word_1_130' title='bbox 1940 1795 2205 1880; x_wconf 84' lang='grc' dir='ltr'><em>πρώτου</em></span> <span class='ocrx_word' id='word_1_131' title='bbox 2236 1821 2285 1862; x_wconf 76' lang='lat'><em>15</em></span> 
     </span>
    </p>
   </div>
   <div class='ocr_carea' id='block_1_3' title="bbox 56 1895 2206 1988">
    <p class='ocr_par' dir='ltr' id='par_1_4' title="bbox 56 1895 2206 1988">
     <span class='ocr_line' id='line_1_17' title="bbox 56 1895 2206 1988; baseline 0 -21"><span class='ocrx_word' id='word_1_132' title='bbox 56 1895 71 1910; x_wconf 83' lang='lat'>&#39;</span> <span class='ocrx_word' id='word_1_133' title='bbox 190 1903 477 1970; x_wconf 80' lang='grc' dir='ltr'><em>ὀθονίου</em></span> <span class='ocrx_word' id='word_1_134' title='bbox 522 1905 936 1988; x_wconf 87' lang='grc' dir='ltr'><em>βαλλόμενον</em></span> <span class='ocrx_word' id='word_1_135' title='bbox 979 1904 1155 1968; x_wconf 67' lang='grc' dir='ltr'><em>κατὰ</em></span> <span class='ocrx_word' id='word_1_136' title='bbox 1187 1903 1262 1968; x_wconf 89' lang='grc' dir='ltr'><em>τὸ</em></span> <span class='ocrx_word' id='word_1_137' title='bbox 1310 1902 1651 1987; x_wconf 80' lang='grc' dir='ltr'><em>βλαφθέν,</em></span> <span class='ocrx_word' id='word_1_138' title='bbox 1708 1902 1794 1985; x_wconf 78' lang='grc' dir='ltr'><em>ἤν</em></span> <span class='ocrx_word' id='word_1_139' title='bbox 1846 1924 1917 1966; x_wconf 85' lang='grc' dir='ltr'><em>τε</em></span> <span class='ocrx_word' id='word_1_140' title='bbox 1957 1910 2206 1988; x_wconf 78' lang='grc' dir='ltr'><em>καταγῇ</em></span> 
     </span>
    </p>
   </div>
   <div class='ocr_carea' id='block_1_4' title="bbox 187 2008 2289 2735">
    <p class='ocr_par' dir='ltr' id='par_1_5' title="bbox 187 2008 2289 2735">
     <span class='ocr_line' id='line_1_18' title="bbox 187 2008 2209 2097; baseline -0.002 -21"><span class='ocrx_word' id='word_1_141' title='bbox 187 2013 265 2094; x_wconf 79' lang='grc' dir='ltr'><em>ἥν</em></span> <span class='ocrx_word' id='word_1_142' title='bbox 326 2035 400 2077; x_wconf 89' lang='grc' dir='ltr'><em>τε</em></span> <span class='ocrx_word' id='word_1_143' title='bbox 470 2009 663 2097; x_wconf 75' lang='grc' dir='ltr'><em>ἐκστῇ</em></span> <span class='ocrx_word' id='word_1_144' title='bbox 725 2013 812 2095; x_wconf 75' lang='grc' dir='ltr'><em>ἤν</em></span> <span class='ocrx_word' id='word_1_145' title='bbox 873 2033 944 2075; x_wconf 90' lang='grc' dir='ltr'><em>τε</em></span> <span class='ocrx_word' id='word_1_146' title='bbox 1009 2011 1271 2096; x_wconf 77' lang='grc' dir='ltr'><em>διαστῇ,</em></span> <span class='ocrx_word' id='word_1_147' title='bbox 1335 2008 1445 2074; x_wconf 87' lang='grc' dir='ltr'><em>καὶ</em></span> <span class='ocrx_word' id='word_1_148' title='bbox 1507 2010 1623 2086; x_wconf 78' lang='grc' dir='ltr'><em>τὰς</em></span> <span class='ocrx_word' id='word_1_149' title='bbox 1684 2009 2039 2095; x_wconf 80' lang='grc' dir='ltr'><em>περιβολὰς</em></span> <span class='ocrx_word' id='word_1_150' title='bbox 2094 2009 2209 2085; x_wconf 77' lang='grc' dir='ltr'><em>τὰς</em></span> 
     </span>
     <span class='ocr_line' id='line_1_19' title="bbox 190 2114 2209 2203; baseline -0 -22"><span class='ocrx_word' id='word_1_151' title='bbox 190 2118 452 2203; x_wconf 81' lang='grc' dir='ltr'><em>πρώτας</em></span> <span class='ocrx_word' id='word_1_152' title='bbox 494 2118 659 2182; x_wconf 79' lang='grc' dir='ltr'><em>κατὰ</em></span> <span class='ocrx_word' id='word_1_153' title='bbox 702 2126 901 2183; x_wconf 81' lang='grc' dir='ltr'><em>τοῦτο</em></span> <span class='ocrx_word' id='word_1_154' title='bbox 952 2123 1294 2182; x_wconf 80' lang='grc' dir='ltr'><em>ποιεῖσθαι</em></span> <span class='ocrx_word' id='word_1_155' title='bbox 1348 2114 1459 2181; x_wconf 86' lang='grc' dir='ltr'><em>καὶ</em></span> <span class='ocrx_word' id='word_1_156' title='bbox 1514 2114 1882 2202; x_wconf 77' lang='grc' dir='ltr'><em>ἐρηρείσθω</em></span> <span class='ocrx_word' id='word_1_157' title='bbox 1927 2114 2209 2198; x_wconf 77' lang='grc' dir='ltr'><em>μάλιστα</em></span> 
     </span>
     <span class='ocr_line' id='line_1_20' title="bbox 193 2217 2209 2310; baseline 0 -23"><span class='ocrx_word' id='word_1_158' title='bbox 193 2225 418 2310; x_wconf 82' lang='grc' dir='ltr'><em>ταύτῃ,</em></span> <span class='ocrx_word' id='word_1_159' title='bbox 463 2221 666 2289; x_wconf 79' lang='grc' dir='ltr'><em>ἔνθεν</em></span> <span class='ocrx_word' id='word_1_160' title='bbox 705 2225 780 2290; x_wconf 76' lang='grc' dir='ltr'><em>δὲ</em></span> <span class='ocrx_word' id='word_1_161' title='bbox 815 2223 924 2288; x_wconf 86' lang='grc' dir='ltr'><em>καὶ</em></span> <span class='ocrx_word' id='word_1_162' title='bbox 963 2220 1167 2289; x_wconf 80' lang='grc' dir='ltr'><em>ἔνθεν</em></span> <span class='ocrx_word' id='word_1_163' title='bbox 1202 2221 1311 2288; x_wconf 82' lang='grc' dir='ltr'><em>ἐπὶ</em></span> <span class='ocrx_word' id='word_1_164' title='bbox 1347 2217 1573 2305; x_wconf 76' lang='grc' dir='ltr'><em>ἧσσον.</em></span> <span class='ocrx_word' id='word_1_165' title='bbox 1644 2224 1766 2307; x_wconf 86' lang='grc' dir='ltr'><em>τὴν</em></span> <span class='ocrx_word' id='word_1_166' title='bbox 1802 2219 1877 2288; x_wconf 75' lang='grc' dir='ltr'><em>δὲ</em></span> <span class='ocrx_word' id='word_1_167' title='bbox 1912 2221 2209 2287; x_wconf 81' lang='grc' dir='ltr'><em>ἐπίδεσιν</em></span> 
     </span>
     <span class='ocr_line' id='line_1_21' title="bbox 189 2327 2289 2416; baseline 0.001 -22"><span class='ocrx_word' id='word_1_168' title='bbox 189 2333 424 2414; x_wconf 80' lang='grc' dir='ltr'><em>κοινὴν</em></span> <span class='ocrx_word' id='word_1_169' title='bbox 469 2338 813 2397; x_wconf 80' lang='grc' dir='ltr'><em>ποιεῖσθαι</em></span> <span class='ocrx_word' id='word_1_170' title='bbox 859 2331 982 2416; x_wconf 87' lang='grc' dir='ltr'><em>χρὴ</em></span> <span class='ocrx_word' id='word_1_171' title='bbox 1027 2338 1147 2395; x_wconf 86' lang='grc' dir='ltr'><em>τοῦ</em></span> <span class='ocrx_word' id='word_1_172' title='bbox 1193 2353 1263 2394; x_wconf 85' lang='grc' dir='ltr'><em>τε</em></span> <span class='ocrx_word' id='word_1_173' title='bbox 1319 2331 1558 2413; x_wconf 83' lang='grc' dir='ltr'><em>πήχεος</em></span> <span class='ocrx_word' id='word_1_174' title='bbox 1610 2327 1723 2394; x_wconf 86' lang='grc' dir='ltr'><em>καὶ</em></span> <span class='ocrx_word' id='word_1_175' title='bbox 1776 2338 1896 2394; x_wconf 85' lang='grc' dir='ltr'><em>τοῦ</em></span> <span class='ocrx_word' id='word_1_176' title='bbox 1943 2332 2210 2415; x_wconf 83' lang='grc' dir='ltr'><em>βραχίο-</em></span> <span class='ocrx_word' id='word_1_177' title='bbox 2236 2356 2289 2396; x_wconf 75' lang='lat'><em>20</em></span> 
     </span>
     <span class='ocr_line' id='line_1_22' title="bbox 188 2434 2210 2521; baseline -0.001 -19"><span class='ocrx_word' id='word_1_178' title='bbox 188 2461 303 2515; x_wconf 85' lang='grc' dir='ltr'><em>νος</em></span> <span class='ocrx_word' id='word_1_179' title='bbox 367 2438 484 2502; x_wconf 81' lang='grc' dir='ltr'><em>καὶ</em></span> <span class='ocrx_word' id='word_1_180' title='bbox 539 2436 646 2502; x_wconf 81' lang='grc' dir='ltr'><em>ἐπὶ</em></span> <span class='ocrx_word' id='word_1_181' title='bbox 699 2440 873 2503; x_wconf 88' lang='grc' dir='ltr'><em>πολὺ</em></span> <span class='ocrx_word' id='word_1_182' title='bbox 938 2436 1144 2503; x_wconf 83' lang='grc' dir='ltr'><em>πλέον</em></span> <span class='ocrx_word' id='word_1_183' title='bbox 1208 2434 1520 2521; x_wconf 77' lang='grc' dir='ltr'><em>ἑκάτερον</em></span> <span class='ocrx_word' id='word_1_184' title='bbox 1562 2434 1602 2519; x_wconf 78' lang='grc' dir='ltr'>ἢ</span> <span class='ocrx_word' id='word_1_185' title='bbox 1650 2436 1738 2511; x_wconf 83' lang='grc' dir='ltr'><em>ὡς</em></span> <span class='ocrx_word' id='word_1_186' title='bbox 1794 2436 1859 2499; x_wconf 79' lang='grc' dir='ltr'><em>οἱ</em></span> <span class='ocrx_word' id='word_1_187' title='bbox 1912 2441 2210 2501; x_wconf 88' lang='grc' dir='ltr'><em>πλεῖστοι</em></span> 
     </span>
     <span class='ocr_line' id='line_1_23' title="bbox 189 2541 2210 2629; baseline -0 -22"><span class='ocrx_word' id='word_1_188' title='bbox 189 2543 525 2627; x_wconf 81' lang='grc' dir='ltr'><em>ποιέουσι,</em></span> <span class='ocrx_word' id='word_1_189' title='bbox 573 2544 746 2620; x_wconf 81' lang='grc' dir='ltr'><em>ὅπως</em></span> <span class='ocrx_word' id='word_1_190' title='bbox 783 2542 1148 2629; x_wconf 73' lang='grc' dir='ltr'><em>ἐξείργηται</em></span> <span class='ocrx_word' id='word_1_191' title='bbox 1193 2543 1281 2619; x_wconf 80' lang='grc' dir='ltr'><em>ὡς</em></span> <span class='ocrx_word' id='word_1_192' title='bbox 1325 2542 1603 2624; x_wconf 79' lang='grc' dir='ltr'><em>μάλιστα</em></span> <span class='ocrx_word' id='word_1_193' title='bbox 1648 2541 1777 2606; x_wconf 80' lang='grc' dir='ltr'><em>ἀπὸ</em></span> <span class='ocrx_word' id='word_1_194' title='bbox 1824 2550 1944 2606; x_wconf 84' lang='grc' dir='ltr'><em>τοῦ</em></span> <span class='ocrx_word' id='word_1_195' title='bbox 1992 2544 2210 2618; x_wconf 89' lang='grc' dir='ltr'><em>σίνεος</em></span> 
     </span>
     <span class='ocr_line' id='line_1_24' title="bbox 188 2644 2210 2735; baseline -0.001 -21"><span class='ocrx_word' id='word_1_196' title='bbox 188 2652 260 2716; x_wconf 88' lang='grc' dir='ltr'><em>τὸ</em></span> <span class='ocrx_word' id='word_1_197' title='bbox 292 2651 540 2734; x_wconf 79' lang='grc' dir='ltr'><em>οἴδημα</em></span> <span class='ocrx_word' id='word_1_198' title='bbox 575 2647 779 2716; x_wconf 77' lang='grc' dir='ltr'><em>ἔνθεν</em></span> <span class='ocrx_word' id='word_1_199' title='bbox 823 2648 933 2715; x_wconf 90' lang='grc' dir='ltr'><em>καὶ</em></span> <span class='ocrx_word' id='word_1_200' title='bbox 979 2647 1199 2715; x_wconf 78' lang='grc' dir='ltr'><em>ἔνθεν.</em></span> <span class='ocrx_word' id='word_1_201' title='bbox 1272 2646 1946 2735; x_wconf 80' lang='grc' dir='ltr'><em>προσπεριβαλλέσθω</em></span> <span class='ocrx_word' id='word_1_202' title='bbox 1986 2644 2061 2712; x_wconf 74' lang='grc' dir='ltr'><em>δὲ</em></span> <span class='ocrx_word' id='word_1_203' title='bbox 2093 2646 2210 2712; x_wconf 86' lang='grc' dir='ltr'><em>,καὶ</em></span> 
     </span>
    </p>
   </div>
   <div class='ocr_carea' id='block_1_5' title="bbox 190 2873 2222 3517">
    <p class='ocr_par' dir='ltr' id='par_1_6' title="bbox 190 2873 2222 3300">
     <span class='ocr_line' id='line_1_25' title="bbox 333 2873 2211 2978; baseline -0.001 -47"><span class='ocrx_word' id='word_1_204' title='bbox 333 2883 362 2931; x_wconf 99' lang='grc'>1</span> <span class='ocrx_word' id='word_1_205' title='bbox 402 2875 700 2969; x_wconf 53' lang='grc' dir='ltr'><em>ποιέεσῇαι</em></span> <span class='ocrx_word' id='word_1_206' title='bbox 747 2878 906 2932; x_wconf 84' lang='lat' dir='ltr'>codd.</span> <span class='ocrx_word' id='word_1_207' title='bbox 1010 2873 1156 2931; x_wconf 84' lang='grc' dir='ltr'><em>οἷσιν</em></span> <span class='ocrx_word' id='word_1_208' title='bbox 1202 2877 1261 2968; x_wconf 78' lang='lat' dir='ltr'>M</span> <span class='ocrx_word' id='word_1_209' title='bbox 1433 2882 1464 2929; x_wconf 82' lang='lat'>2</span> <span class='ocrx_word' id='word_1_210' title='bbox 1510 2884 1649 2930; x_wconf 82' lang='grc' dir='ltr'><em>πᾶσι</em></span> <span class='ocrx_word' id='word_1_211' title='bbox 1686 2875 1807 2930; x_wconf 91' lang='lat' dir='ltr'><em>MV</em></span> <span class='ocrx_word' id='word_1_212' title='bbox 1986 2882 2017 2929; x_wconf 82' lang='lat'><strong>3</strong></span> <span class='ocrx_word' id='word_1_213' title='bbox 2054 2875 2211 2978; x_wconf 51' lang='grc' dir='ltr'><em>κιενή-</em></span> 
     </span>
     <span class='ocr_line' id='line_1_26' title="bbox 191 2947 2222 3089; baseline -0 -15"><span class='ocrx_word' id='word_1_214' title='bbox 191 2966 428 3074; x_wconf 45' lang='grc' dir='ltr'><em>ἕῖανν..</em></span> <span class='ocrx_word' id='word_1_215' title='bbox 449 2948 1110 3089; x_wconf 43' lang='grc' dir='ltr'><em>ὅατηγξαὲἰαῇίάξηπτοῗ</em></span> <span class='ocrx_word' id='word_1_216' title='bbox 1138 2952 1445 3072; x_wconf 48' lang='grc' dir='ltr'><strong><em>ξίιῗῖστασιέ</em></strong></span> <span class='ocrx_word' id='word_1_217' title='bbox 1471 2947 2007 3086; x_wconf 45' lang='grc' dir='ltr'><em>ἕνῖξὲιαροῖὸΒᾶθΙ.</em></span> <span class='ocrx_word' id='word_1_218' title='bbox 2046 2948 2124 3072; x_wconf 69' lang='lat'><em>1130</em></span> <span class='ocrx_word' id='word_1_219' title='bbox 2162 3018 2222 3073; x_wconf 81' lang='grc' dir='ltr'><em>εἴ</em></span> 
     </span>
     <span class='ocr_line' id='line_1_27' title="bbox 190 3088 2210 3160; baseline 0 -17"><span class='ocrx_word' id='word_1_220' title='bbox 190 3108 293 3159; x_wconf 82' lang='lat' dir='ltr'><em>pro</em></span> <span class='ocrx_word' id='word_1_221' title='bbox 330 3090 416 3160; x_wconf 79' lang='grc' dir='ltr'><em>εἴη</em></span> <span class='ocrx_word' id='word_1_222' title='bbox 453 3091 500 3144; x_wconf 94' lang='grc' dir='ltr'>Β</span> <span class='ocrx_word' id='word_1_223' title='bbox 612 3093 794 3144; x_wconf 81' lang='grc' dir='ltr'><em>πολλῶ</em></span> <span class='ocrx_word' id='word_1_224' title='bbox 823 3090 944 3145; x_wconf 87' lang='lat' dir='ltr'><em>MV</em></span> <span class='ocrx_word' id='word_1_225' title='bbox 1043 3088 1116 3144; x_wconf 77' lang='grc' dir='ltr'><em>ἂν</em></span> <span class='ocrx_word' id='word_1_226' title='bbox 1153 3107 1259 3144; x_wconf 88' lang='lat' dir='ltr'><em>om.</em></span> <span class='ocrx_word' id='word_1_227' title='bbox 1299 3090 1420 3143; x_wconf 87' lang='lat' dir='ltr'><em>MV</em></span> <span class='ocrx_word' id='word_1_228' title='bbox 1590 3096 1653 3145; x_wconf 92' lang='grc'><em>11</em></span> <span class='ocrx_word' id='word_1_229' title='bbox 1703 3089 1793 3158; x_wconf 82' lang='grc' dir='ltr'><em>ἤει</em></span> <span class='ocrx_word' id='word_1_230' title='bbox 1829 3089 1876 3142; x_wconf 94' lang='grc' dir='ltr'>Β</span> <span class='ocrx_word' id='word_1_231' title='bbox 1976 3088 2210 3159; x_wconf 82' lang='grc' dir='ltr'><em>ὠφελείη</em></span> 
     </span>
     <span class='ocr_line' id='line_1_28' title="bbox 191 3145 2214 3232; baseline 0 -18"><span class='ocrx_word' id='word_1_232' title='bbox 191 3160 311 3214; x_wconf 89' lang='lat' dir='ltr'><em>MV</em></span> <span class='ocrx_word' id='word_1_233' title='bbox 448 3158 635 3232; x_wconf 73' lang='grc' dir='ltr'><em>ὀλίγον</em></span> <span class='ocrx_word' id='word_1_234' title='bbox 689 3145 809 3215; x_wconf 78' lang='lat' dir='ltr'><em>MV</em></span> <span class='ocrx_word' id='word_1_235' title='bbox 915 3162 1067 3226; x_wconf 77' lang='grc' dir='ltr'><em>ξυνκ.</em></span> <span class='ocrx_word' id='word_1_236' title='bbox 1121 3161 1198 3227; x_wconf 91' lang='grc' dir='ltr'><em>Β,</em></span> <span class='ocrx_word' id='word_1_237' title='bbox 1254 3161 1407 3231; x_wconf 75' lang='grc' dir='ltr'><em>ξυγκ.</em></span> <span class='ocrx_word' id='word_1_238' title='bbox 1464 3160 1585 3214; x_wconf 91' lang='lat' dir='ltr'><em>MV</em></span> <span class='ocrx_word' id='word_1_239' title='bbox 1763 3166 1829 3213; x_wconf 82' lang='lat'><em>13</em></span> <span class='ocrx_word' id='word_1_240' title='bbox 1887 3160 1969 3230; x_wconf 80' lang='grc' dir='ltr'><em>εἴη</em></span> <span class='ocrx_word' id='word_1_241' title='bbox 2014 3179 2116 3230; x_wconf 87' lang='lat' dir='ltr'><em>pro</em></span> <span class='ocrx_word' id='word_1_242' title='bbox 2163 3161 2214 3215; x_wconf 79' lang='grc' dir='ltr'><em>εί</em></span> 
     </span>
     <span class='ocr_line' id='line_1_29' title="bbox 192 3230 2213 3300; baseline -0.001 -15"><span class='ocrx_word' id='word_1_243' title='bbox 192 3231 311 3286; x_wconf 89' lang='lat' dir='ltr'><em>MV</em></span> <span class='ocrx_word' id='word_1_244' title='bbox 437 3232 684 3300; x_wconf 82' lang='grc' dir='ltr'><em>κρέσσων</em></span> <span class='ocrx_word' id='word_1_245' title='bbox 719 3233 860 3300; x_wconf 86' lang='grc' dir='ltr'><em>ΒΜ,</em></span> <span class='ocrx_word' id='word_1_246' title='bbox 915 3230 1147 3299; x_wconf 78' lang='grc' dir='ltr'><em>κρέσσον</em></span> <span class='ocrx_word' id='word_1_247' title='bbox 1184 3232 1235 3284; x_wconf 97' lang='lat' dir='ltr'>V</span> <span class='ocrx_word' id='word_1_248' title='bbox 1273 3232 1381 3286; x_wconf 80' lang='lat' dir='ltr'><strong>del.</strong></span> <span class='ocrx_word' id='word_1_249' title='bbox 1405 3232 1591 3300; x_wconf 80' lang='lat' dir='ltr'>-Bosq.</span> <span class='ocrx_word' id='word_1_250' title='bbox 1646 3263 1653 3269; x_wconf 88' lang='lat'><strong>·</strong></span> <span class='ocrx_word' id='word_1_251' title='bbox 1754 3236 1819 3284; x_wconf 88' lang='lat'><em>18</em></span> <span class='ocrx_word' id='word_1_252' title='bbox 1856 3230 2213 3286; x_wconf 57' lang='grc' dir='ltr'><em>τούτου-ΜΨ</em></span> 
     </span>
    </p>

    <p class='ocr_par' dir='ltr' id='par_1_7' title="bbox 195 3300 2211 3517">
     <span class='ocr_line' id='line_1_30' title="bbox 333 3300 2211 3372; baseline -0.002 -15"><span class='ocrx_word' id='word_1_253' title='bbox 333 3301 504 3358; x_wconf 81' lang='grc' dir='ltr'><em>ποίεε.</em></span> <span class='ocrx_word' id='word_1_254' title='bbox 553 3304 646 3357; x_wconf 75' lang='lat' dir='ltr'><em>hic</em></span> <span class='ocrx_word' id='word_1_255' title='bbox 692 3305 750 3357; x_wconf 76' lang='lat' dir='ltr'><em>et</em></span> <span class='ocrx_word' id='word_1_256' title='bbox 792 3304 830 3358; x_wconf 91' lang='lat' dir='ltr'><em>l.</em></span> <span class='ocrx_word' id='word_1_257' title='bbox 871 3308 940 3357; x_wconf 83' lang='lat'><em>20</em></span> <span class='ocrx_word' id='word_1_258' title='bbox 984 3303 1147 3356; x_wconf 74' lang='lat' dir='ltr'>codd..</span> <span class='ocrx_word' id='word_1_259' title='bbox 1296 3300 1625 3372; x_wconf 77' lang='grc' dir='ltr'><em>ἐρηιρείσθω</em></span> <span class='ocrx_word' id='word_1_260' title='bbox 1676 3302 1736 3355; x_wconf 88' lang='grc' dir='ltr'>Μ</span> <span class='ocrx_word' id='word_1_261' title='bbox 1914 3307 1980 3356; x_wconf 83' lang='grc'><em>21</em></span> <span class='ocrx_word' id='word_1_262' title='bbox 2034 3301 2211 3355; x_wconf 78' lang='grc' dir='ltr'><em>πουλὺ</em></span> 
     </span>
     <span class='ocr_line' id='line_1_31' title="bbox 195 3369 2211 3443; baseline -0.001 -17"><span class='ocrx_word' id='word_1_263' title='bbox 195 3372 317 3428; x_wconf 90' lang='lat' dir='ltr'><em>MV</em></span> <span class='ocrx_word' id='word_1_264' title='bbox 426 3373 691 3443; x_wconf 82' lang='grc' dir='ltr'><em>ἑκατέρου</em></span> <span class='ocrx_word' id='word_1_265' title='bbox 727 3375 854 3429; x_wconf 89' lang='lat' dir='ltr'><em>Wb.</em></span> <span class='ocrx_word' id='word_1_266' title='bbox 1003 3380 1069 3427; x_wconf 81' lang='lat'><em>22</em></span> <span class='ocrx_word' id='word_1_267' title='bbox 1117 3371 1406 3427; x_wconf 73' lang='grc' dir='ltr'><em>ποιέοὺσιν</em></span> <span class='ocrx_word' id='word_1_268' title='bbox 1443 3374 1503 3427; x_wconf 87' lang='grc' dir='ltr'>Μ</span> <span class='ocrx_word' id='word_1_269' title='bbox 1594 3372 1675 3427; x_wconf 81' lang='grc' dir='ltr'><em>ὅκ.</em></span> <span class='ocrx_word' id='word_1_270' title='bbox 1714 3372 1835 3426; x_wconf 91' lang='lat' dir='ltr'><em>MV</em></span> <span class='ocrx_word' id='word_1_271' title='bbox 1926 3369 2211 3439; x_wconf 78' lang='grc' dir='ltr'><em>ἐξαρίαται</em></span> 
     </span>
     <span class='ocr_line' id='line_1_32' title="bbox 196 3440 2208 3517; baseline -0.002 -20"><span class='ocrx_word' id='word_1_272' title='bbox 196 3444 389 3512; x_wconf 90' lang='lat' dir='ltr'>BMV,</span> <span class='ocrx_word' id='word_1_273' title='bbox 427 3447 647 3514; x_wconf 77' lang='grc' dir='ltr'><em>-ρύεται</em></span> <span class='ocrx_word' id='word_1_274' title='bbox 682 3446 849 3517; x_wconf 62' lang='lat' dir='ltr'>vulg„</span> <span class='ocrx_word' id='word_1_275' title='bbox 886 3445 1111 3515; x_wconf 80' lang='grc' dir='ltr'><em>-ρύηται</em></span> <span class='ocrx_word' id='word_1_276' title='bbox 1152 3444 1312 3497; x_wconf 83' lang='lat' dir='ltr'><strong>Lind.</strong></span> <span class='ocrx_word' id='word_1_277' title='bbox 1351 3445 1515 3512; x_wconf 81' lang='lat' dir='ltr'>Bosq.</span> <span class='ocrx_word' id='word_1_278' title='bbox 1544 3444 1706 3510; x_wconf 62' lang='lat' dir='ltr'><strong>Litt„</strong></span> <span class='ocrx_word' id='word_1_279' title='bbox 1745 3442 2028 3513; x_wconf 75' lang='grc' dir='ltr'><em>ἐξέργηται</em></span> <span class='ocrx_word' id='word_1_280' title='bbox 2063 3440 2208 3503; x_wconf 87' lang='lat' dir='ltr'><strong>Wb.,</strong></span> 
     </span>
    </p>
   </div>
   <div class='ocr_carea' id='block_1_6' title="bbox 199 3514 531 3587">
    <p class='ocr_par' dir='ltr' id='par_1_8' title="bbox 199 3514 531 3587">
     <span class='ocr_line' id='line_1_33' title="bbox 199 3514 531 3587; baseline 0.009 -20"><span class='ocrx_word' id='word_1_281' title='bbox 199 3530 300 3585; x_wconf 74' lang='lat' dir='ltr'><em>ego</em></span> <span class='ocrx_word' id='word_1_282' title='bbox 338 3514 531 3587; x_wconf 72' lang='grc' dir='ltr'><em>ἐξείργ.</em></span> 
     </span>
    </p>
   </div>
  </div>
 </body>
</html>
