2588 3876
295 153 382 217 22
605 157 780 206 ΠΕΡΙ
814 155 960 206 ΤΩΝ
996 156 1093 205 ΕΝ
1130 155 1466 217 ΚΕΦᾼΛΗΙ
1500 153 1892 205 ΤΡΩΜΑΤΩΝ
1932 156 1998 204 15

293 321 547 398 μᾶλλον
608 316 919 382 ὑπόπυον
979 314 1326 400 γενέσθαι,
1383 313 1469 398 ἣν
1531 316 1638 380 καὶ
1700 316 1911 392 ἄλλως
1961 316 2049 398 μὴ
2093 313 2316 400 μέλλῃ,

292 422 381 506 ἢν
424 423 533 487 καὶ
578 424 627 506 ἡ
676 414 837 508 σὰρξ
891 423 932 506 ἡ
977 421 1371 508 περιέχουσα
1428 422 1502 486 τὸ
1557 420 1791 488 ὀστέον
1847 432 2060 498 κακῶς
2117 427 2320 507 θερα-

294 531 571 614 πεύηται
624 530 732 594 καὶ
779 531 1149 614 φλεγμαίνῃ
1204 552 1275 593 τε
1334 530 1444 593 καὶ
1501 530 2029 615 περισφίγγηται.
2119 549 2321 613 πυρε-

292 637 497 713 τῶδες
563 637 689 722 γὰρ
755 639 1006 719 γίνεται
1064 637 1172 700 καὶ
1232 639 1483 700 πολλοῦ
1544 639 1850 719 φλογμοῦ
1908 633 2136 701 πλέον·
2211 636 2322 700 καὶ

240 769 265 808 5
295 743 376 826 δὴ
421 743 495 807 τὸ
542 741 774 808 ὀστέον
820 742 893 808 ἐκ
944 753 1079 808 τῶν
1131 740 1616 828 περιεχουσέων
1670 753 1936 827 σαρκῶν
1990 740 2056 818 ἐς
2111 740 2317 808 ἑωυτὸ

292 847 552 935 θέρμην
594 873 665 915 τε
710 850 820 915 καὶ
866 849 1168 934 φλογμὸν
1212 850 1321 913 καὶ
1370 850 1622 934 ἄραδον
1658 847 1914 930 ἐμποιεῖ
1957 850 2065 913 καὶ
2105 866 2320 933 σφυγ-

290 957 418 1037 μὸν
463 957 572 1021 καὶ
617 956 822 1022 ὁκόσα
873 979 998 1043 περ
1053 957 1094 1039 ἡ
1152 954 1313 1041 σὰρξ
1374 962 1537 1040 ἴσχει
1589 956 1756 1020 κακὰ
1812 954 1886 1020 ἐν
1941 954 2151 1041 ἑωυτῇ
2208 957 2319 1020 καὶ

292 1061 366 1126 ἐκ
399 1064 654 1129 τούτων
692 1064 901 1140 οὕτως
935 1064 1245 1129 ὑπόπυον
1282 1064 1552 1146 γίνεται.
1625 1063 1830 1127 κακὸν
1866 1063 1942 1127 δὲ
1967 1063 2074 1127 καὶ
2101 1062 2319 1147 ὑγρήν

290 1192 361 1233 τε
404 1164 579 1235 εἶναι
631 1171 754 1254 τὴν
810 1169 1019 1256 σάρκα
1074 1168 1148 1234 ἐν
1191 1177 1283 1258 τῷ
1323 1168 1496 1234 ἕλκει
1542 1170 1648 1233 καὶ
1694 1170 2012 1251 μυδῶσαν
2056 1169 2164 1233 καὶ
2211 1167 2319 1234 ἐπὶ

212 1302 265 1340 10
292 1276 542 1341 πολλὸν
594 1278 840 1362 χρόνον
893 1278 1360 1362 καθαίρεσθαι.
1450 1275 1616 1340 ἀλλὰ
1669 1277 1789 1362 χρὴ
1852 1276 2140 1340 διάπυον
2194 1276 2321 1357 μὲν

291 1391 560 1465 ποιῆσαι
614 1383 689 1447 τὸ
745 1382 931 1458 ἕλκος
985 1382 1074 1458 ὡς
1126 1383 1417 1466 τάχιστα.
1509 1381 1682 1446 οὕτω
1748 1383 1873 1467 γὰρ
1939 1380 2024 1446 ἂν
2084 1382 2320 1464 ἥκιστα

186 1509 291 1557 244
329 1490 725 1572 φλεγμαίνοι
770 1491 852 1553 τὰ
894 1488 1284 1575 περιέχοντα
1325 1487 1334 1575 Ι
1384 1490 1457 1553 τὸ
1505 1488 1693 1565 ἕλκος
1736 1489 1844 1552 καὶ
1889 1489 2161 1573 τάχιστα
2205 1513 2320 1553 κα-

291 1597 509 1681 θαρὸν
565 1601 690 1680 εἴη·
751 1595 1001 1680 ἀνάγκη
1048 1597 1174 1681 γὰρ
1221 1593 1355 1680 ἔχει
1399 1597 1516 1673 τὰς
1561 1596 1804 1681 σάρκας
1847 1596 1965 1672 τὰς
2007 1598 2321 1672 κοπείσας

290 1702 397 1766 καὶ
454 1706 867 1785 φλασθείσας
918 1702 1049 1768 ὑπὸ
1104 1712 1225 1768 τοῦ
1278 1701 1504 1785 βέλεος
1555 1702 1902 1779 ὑποπύους
1961 1700 2321 1785 γενομένας

211 1835 262 1874 15
292 1806 658 1893 ἐκτακῆναι.
749 1808 1018 1875 ἐπειδὰν
1065 1810 1139 1874 δὲ
1183 1815 1521 1894 καθαρθῇ,
1570 1807 1923 1895 ξηρότερον
1967 1810 2089 1894 χρὴ
2140 1811 2319 1893 γίνε-

292 1921 454 1980 σθαι
509 1917 582 1981 τὸ
639 1915 850 1993 ἕλκος·
914 1916 1088 1982 οὕτω
1148 1917 1274 2003 γὰρ
1336 1915 1420 1981 ἂν
1478 1916 1749 2001 τάχιστα
1807 1915 1992 1999 ὑγιὲς
2056 1915 2318 2000 γένοιτο

291 2020 488 2107 ξηρῆς
534 2024 774 2109 σαρκὸς
808 2024 1220 2107 βλαστούσης
1255 2025 1363 2087 καὶ
1399 2025 1488 2107 μὴ
1524 2023 1750 2110 ὑγρῆς,
1796 2023 1904 2087 καὶ
1944 2023 2153 2098 οὕτως
2194 2023 2318 2088 οὐκ

290 2127 376 2193 ἂν
432 2128 992 2215 ὑπερσαρκήσειεν
1049 2130 1123 2194 τὸ
1184 2128 1389 2206 ἕλκος.
1479 2130 1515 2196 ὁ
1572 2130 1647 2196 δὲ
1700 2130 1899 2206 αὐτὸς
1953 2132 2150 2212 λόγος
2207 2125 2318 2194 καὶ

290 2234 442 2320 περὶ
497 2244 613 2320 τῆς
659 2239 981 2319 μήνιγγος
1032 2246 1147 2320 τῆς
1200 2234 1353 2322 περὶ
1411 2237 1529 2300 τὸν
1587 2235 1982 2320 ἐγκέφαλον·
2045 2235 2131 2318 ἢν
2190 2238 2318 2320 γὰρ

210 2367 263 2406 20
292 2341 525 2406 αὐτίκα
570 2341 883 2429 ἐκπρίσας
934 2343 1007 2407 τὸ
1063 2341 1294 2408 ὀστέον
1353 2343 1462 2407 καὶ
1518 2342 1782 2427 ἀφελὼν
1839 2341 1965 2407 ἀπὸ
2023 2352 2140 2425 τῆς
2196 2346 2319 2426 μή-

288 2472 518 2531 νιγγος
570 2450 895 2535 ψιλώσῃς,
952 2450 1161 2533 αὐτὴν
1213 2450 1519 2534 καθαρὴν
1572 2451 1694 2535 χρὴ
1748 2458 2018 2532 ποιῆσαι
2073 2449 2162 2524 ὡς
2205 2450 2320 2513 τά·

285 2571 477 2640 χιστα
522 2557 630 2621 καὶ
679 2555 902 2641 ξηρήν,
949 2557 1038 2632 ὡς
1080 2557 1168 2639 μὴ
1214 2554 1322 2619 ἐπὶ
1368 2557 1584 2621 πολὺν
1624 2558 1871 2641 χρόνον
1904 2554 2075 2640 ὑγρὴ
2112 2552 2317 2619 ἐοῦσα

434 2893 462 2941 1
501 2888 611 2943 ὑπὸ
647 2890 809 2960 πύθη
846 2906 946 2959 pro
982 2886 1242 2944 ὑπόπυον
1279 2889 1332 2942 V
1452 2886 1524 2957 ἢν
1561 2888 1634 2958 μὴ
1672 2888 1769 2942 καὶ
1805 2888 1919 2942 ἄλλ.
1957 2888 2023 2955 Β,
2058 2886 2130 2956 ἢν
2167 2908 2217 2942 κ.
2259 2888 2315 2942 ἄ.

287 2958 362 3028 μὴ
399 2958 452 3012 V
596 2965 627 3012 3
666 2964 767 3029 φλε
805 2958 1034 3030 μαίνητε
1070 2960 1132 3026 Β,
1172 2957 1464 3029 -μαίνηται
1499 2960 1568 3028 V,
1624 2957 1933 3032 φλεγμαίνῃ
1970 2978 2029 3013 τε
2065 2958 2212 3012 Erm.

291 3031 424 3083 ante
458 3047 684 3100 περισφ.
725 3048 759 3085 a
801 3032 854 3084 d.
895 3031 1133 3101 ἰώμενον
1169 3031 1215 3083 Β
1244 3030 1364 3099 Pq.‚
1402 3028 1726 3101 ἰαινόμενον
1762 3030 1890 3084 Wb.
1998 3032 2319 3098 πυρετῶδες

283 3098 470 3168 οοᾶᾰ,,
498 3102 707 3172 -τώδης
732 3102 875 3156 th.
1021 3109 1056 3156 4
1092 3100 1233 3172 γίγν.
1271 3102 1318 3154 Β
1418 3105 1663 3172 φλεγμοῢ
1690 3102 1736 3154 Β
1833 3099 2003 3157 πλέον
2030 3101 2095 3169 Β,
2130 3099 2317 3174 πλέων

284 3170 340 3225 V
485 3177 516 3225 5
551 3182 929 3245 περιεχουσῶν
967 3174 1125 3228 codd.
1237 3172 1488 3241 σαρκέων
1526 3173 1578 3227 V
1721 3179 1753 3227 6
1792 3171 2035 3242 &mvnda
2072 3172 2230 3227 codd.

291 3247 321 3294 '7
362 3238 465 3296 ὅσα
500 3262 605 3311 περ
643 3243 696 3296 V
822 3245 933 3316 ἔχει
969 3244 1022 3298 V
1146 3242 1352 3315 ἑωυτέῃ
1388 3244 1435 3296 Β
1580 3248 1612 3297 8
1650 3242 1890 3299 τουτέων
1929 3243 2089 3297 codd.
2205 3237 2317 3299 ὦδε

284 3312 355 3379 V,
405 3311 570 3377 οὗτος
603 3315 649 3367 Β
812 3321 843 3369 9
892 3321 1019 3385 μαὸ.
1057 3316 1103 3368 Β
1250 3320 1317 3369 10
1354 3317 1561 3370 πολλυν
1596 3315 1643 3367 Β
1791 3321 1854 3368 11
1906 3311 2082 3378 οὕτως
2124 3313 2170 3366 Β

290 3390 357 3437 12
402 3383 618 3457 τάχιστ’
663 3383 735 3442 ἂν
781 3386 832 3440 V
991 3392 1055 3440 13
1104 3385 1213 3456 εἴηι
1257 3387 1304 3439 Β
1465 3392 1532 3439 14
1576 3386 1887 3449 ὑποποιους
1935 3407 2077 3456 γιγν.
2126 3386 2171 3438 Β

292 3460 358 3508 15
402 3454 547 3526 γίγν.
585 3457 632 3509 Β
779 3462 845 3510 17
893 3455 1068 3521 οὕτως
1107 3458 1153 3510 Β
1301 3461 1367 3509 18
1413 3455 1790 3527 ὑπερσαρκίση
1828 3456 1879 3509 V
2022 3453 2077 3512 δ’
2120 3456 2173 3511 V

286 3531 357 3579 19
405 3527 546 3597 ὑπὲρ
590 3548 637 3583 τ.
675 3527 801 3598 μήν.
842 3528 893 3581 V
932 3571 951 3596 .-
997 3548 1074 3582 τω
1113 3529 1399 3598 ἐγκεφαλω
1437 3528 1482 3580 Β
1627 3534 1694 3582 22
1735 3530 1949 3583 πουλῦν
1982 3527 2038 3580 V
2181 3559 2185 3564 ·
2254 3542 2257 3548 ’
