2588 3876
361 113 492 175 212
868 117 1042 167 ΠΕΡΙ
1077 118 1366 170 ΑΡΘΡΩΝ
1406 119 1763 168 ΕΜΒΟΑΗΣ
1803 122 1869 168 62

362 282 525 340 σθαι
572 274 680 340 καὶ
728 276 1012 360 μάλιστα
1056 280 1137 341 τὰ
1182 280 1361 362 παρὰ
1416 287 1537 343 τοῦ
1592 278 1802 353 ποδὸς
1850 279 2104 363 ἄρθρα,
2163 279 2398 345 ὁπόσοι

362 381 431 446 ἐκ
477 392 708 464 γενεῆς
754 385 988 448 κυλλοὶ
1034 386 1368 467 γίνονται,
1415 386 1496 448 τὰ
1540 388 1814 448 πλεῖστα
1860 385 2121 449 τούτων
2167 385 2395 468 ἰήσιμά

359 487 570 570 ἐστιν,
635 489 719 572 ἢν
773 491 859 572 μὴ
916 490 1095 554 πάνυ
1151 492 1399 574 μεγάλη
1462 491 1501 574 ἡ
1559 493 1844 566 ἔκκλισις
1890 483 1932 577 ᾖ
1995 490 2035 574 ἢ
2084 493 2191 555 καὶ
2237 514 2399 576 προ-

360 593 613 671 αυξέων
659 599 1035 678 γεγονότων
1079 598 1206 681 ἤδη
1253 609 1390 662 τῶν
1443 599 1732 662 παιδίων
1787 600 2027 682 συμβῇ.
2121 599 2397 681 ἄριστον

307 726 331 764 5
359 702 483 784 μὲν
528 696 654 766 οὖν
699 703 788 777 ὡς
832 704 1105 787 τάχιστα
1154 705 1486 789 ἰητρεύειν
1530 706 1611 768 τὰ
1655 713 1958 787 τοιαῦτα,
2005 705 2167 787 πρὶν
2210 705 2391 768 πάνυ

357 807 649 891 μεγάλην
695 810 817 890 τὴν
863 809 1127 874 ἔνδειαν
1171 821 1309 875 τῶν
1354 809 1606 875 ὀστέων
1651 822 1787 874 τῶν
1831 809 1908 875 ἐν
1951 817 2044 897 τῷ
2084 811 2244 875 ποδὶ
2293 834 2397 892 γε-

360 912 620 996 νέσθαι,
658 917 817 999 πρίν
852 938 924 979 τε
961 915 1139 979 πάνυ
1176 917 1471 998 μεγάλην
1498 917 1621 998 τὴν
1658 918 1923 981 ἔνδειαν
1957 927 2096 981 τῶν
2133 928 2398 1001 σαρκῶν

358 1030 494 1083 τῶν
537 1022 700 1085 κατὰ
746 1022 869 1102 τὴν
924 1024 1184 1105 κνήμην
1230 1017 1419 1085 εἶναι.
1502 1025 1744 1105 τρόπος
1790 1023 1914 1104 μὲν
1969 1017 2098 1087 οὖν
2142 1023 2395 1086 κυλλῶ-

358 1142 503 1201 σιος
566 1126 690 1209 οὐχ
754 1118 877 1210 εἷς,
952 1126 1118 1191 ἀλλὰ
1180 1130 1510 1210 πλείονες,
1584 1131 1664 1191 τὰ
1736 1133 2011 1193 πλεῖστα
2073 1129 2208 1210 μὴν
2274 1128 2395 1193 οὐκ

278 1260 329 1298 10
360 1229 812 1316 ἐξηρθρηκότα
857 1234 1307 1316 παντάπασιν,
1364 1233 1532 1299 ἀλλὰ
1579 1234 1693 1298 διὰ
1739 1237 1901 1311 ἔθος
1945 1237 2278 1318 σχήματος-
2324 1236 2394 1298 ἔν

356 1362 490 1402 τινι
537 1337 863 1423 ἀπολήψει
912 1349 1034 1403 τοῦ
1080 1342 1289 1416 ποδὸς
1343 1340 1828 1424 κεκυλλωμένα.
1920 1338 2279 1424 προσέχειν
2323 1335 2394 1404 δὲ

358 1444 434 1508 ἐν
493 1455 570 1529 τῇ
636 1448 884 1529 ῑητρείῃ
946 1447 1197 1511 τοισίδε
1258 1449 1413 1530 χρή·
1479 1446 1783 1511 ἀπωθεῖν
1837 1447 1962 1531 μὲν
2006 1447 2116 1511 καὶ
2165 1469 2393 1529 κατορ-

357 1556 541 1614 θοῦν
599 1553 673 1616 τὸ
735 1561 848 1635 τῆς
912 1556 1163 1635 κνήμης
1221 1555 1297 1617 τὸ
1359 1554 1524 1617 κατὰ
1586 1554 1661 1617 τὸ
1725 1555 1993 1638 σφυρὸν
2039 1552 2276 1617 ὀστέον
2321 1554 2391 1616 τὸ

357 1654 612 1734 ἔξωθεν
660 1656 725 1734 ἐς
771 1660 846 1722 τὸ
896 1661 1024 1722 ἔσω
1070 1658 1299 1742 μέρος,
1357 1658 1695 1724 ἀντωθεῖν
1751 1655 1824 1723 δὲ
1882 1657 1949 1735 ἐς
1993 1661 2070 1723 τὸ
2119 1657 2241 1735 ἔξω
2287 1657 2394 1739 μέ-

280 1790 329 1830 15
360 1787 477 1848 ρος
521 1766 595 1829 τὸ
635 1774 750 1848 τῆς
785 1763 1067 1849 πτέρνης
1112 1767 1187 1829 τὸ
1226 1767 1487 1830 ἔσωθεν
1522 1767 1598 1830 τὸ
1636 1763 1780 1829 κατ’
1827 1763 2040 1849 αὐτὴν
2084 1767 2208 1850 τὴν
2244 1763 2392 1847 ἴξιν,

360 1871 536 1948 ὅπως
582 1871 894 1955 ἀλλήλοις
940 1871 1280 1957 ἀπαντήσῃ
1337 1872 1417 1936 τὰ
1473 1870 1670 1935 ὀστέα
1716 1873 1795 1935 τὰ
1844 1869 2189 1957 ἐξίσχοντα
2233 1872 2394 1935 κατὰ

358 1976 564 2061 μέσον
627 2002 698 2042 τε
754 1977 862 2043 καὶ
918 1979 1205 2062 πλάγιον
1267 1980 1390 2043 τὸν
1443 1980 1648 2043 πόδα·
1714 1981 1872 2054 τοὺς
1918 1976 1978 2042 δ’
2025 1973 2111 2043 αὖ
2160 1978 2393 2043 δακτύ-

254 2101 359 2150 266
381 2090 540 2159 λους
595 2084 891 2168 ἀθρόους
947 2087 1076 2148 σὺν
1129 2092 1220 2171 τῷ
1275 2085 1537 2172 μεγάλω
1595 2085 1898 2171 δακτύλῳ
1954 2083 2021 2161 ἐς
2070 2084 2080 2167 Ι
2133 2087 2208 2149 τὸ
2268 2081 2392 2148 ἔσω

359 2189 557 2275 μέρος
603 2189 934 2272 ἐγκλίνειν
981 2191 1088 2254 καὶ
1145 2190 1693 2275 περιαναγκάζειν
1740 2190 1982 2266 οὕτως·
2030 2188 2286 2255 ἐπιδεῖν
2323 2185 2393 2252 δὲ

506 2424 532 2471 1
574 2417 698 2487 μάλ.
737 2418 894 2486 παρὰ
930 2416 1000 2471 τὰ
1037 2416 1157 2470 MV
1263 2436 1421 2486 παρα
1456 2436 1527 2471 τα
1564 2436 1666 2471 του
1700 2437 1759 2470 π.
1790 2418 1836 2470 Β
1945 2416 2015 2471 τὰ
2044 2419 2176 2471 ante
2204 2416 2394 2484 ἄρθρα

360 2491 532 2543 iterat
568 2490 678 2542 ΒΓ
782 2488 991 2555 ἄρθρα.
1043 2486 1264 2543 Ὁκόσοι
1438 2505 1487 2553 ο,
1528 2487 1617 2542 ὁπ.
1659 2488 1703 2541 Ε
1815 2484 1927 2542 οἶσι
1964 2492 2017 2542 Γ
2124 2494 2171 2540 1.
2204 2493 2234 2540 2
2276 2484 2393 2541 ὅσοι

364 2561 554 2614 κυλλοὶ
603 2559 665 2613 ἐκ
711 2567 908 2629 γενεῆς
953 2556 1208 2628 γίνονται
1244 2559 1333 2612 tit.
1578 2565 1609 2611 2
1648 2559 1811 2612 καλοὶ
1846 2559 1899 2612 V
2004 2560 2137 2627 post
2171 2562 2393 2612 πλεῖστα

363 2632 490 2685 add.
565 2631 638 2699 ἀρ
675 2632 788 2684 ΒΓ
926 2636 957 2682 3
996 2628 1030 2697 ἢ
1077 2647 1180 2699 pro
1229 2627 1300 2697 ἢν
1346 2630 1391 2681 Β
1537 2630 1611 2698 μὴ
1658 2643 1765 2682 om.
1815 2630 1907 2696 B1‚
1954 2630 2083 2683 add.
2122 2629 2158 2682 i.
2206 2648 2277 2682 m.
2323 2627 2393 2680 B²

514 2653 695 2774 gom.
727 2702 856 2767 ΒΓ,
899 2701 984 2769 ἐηι
1022 2701 1106 2768 Μ,
1146 2701 1207 2769 ἔη
1237 2701 1288 2753 V
1452 2705 1499 2752 3.
1531 2707 1565 2753 4
1601 2700 1869 2768 προσαυξ.
1909 2700 2029 2758 MV
2137 2698 2245 2770 ἤδη
2284 2717 2390 2769 γεγ.

369 2778 421 2826 Γ
561 2783 671 2826 τῶν
720 2790 827 2826 om.
867 2773 1051 2824 MVP
1189 2772 1366 2842 ξυμβῇ
1406 2771 1550 2836 MV,
1610 2768 1904 2841 συμβαίνει
1944 2775 1998 2824 Γ
2169 2771 2393 2838 ἄριστον

373 2888 383 2897 .
420 2887 428 2896 .
465 2887 475 2896 .
508 2840 655 2898 εἶναι
696 2847 770 2913 (8)
828 2860 933 2896 om.
986 2847 1037 2896 Γ
1213 2848 1261 2894 8.
1305 2849 1335 2893 9
1393 2845 1544 2895 καλλ.
1602 2842 1654 2894 V
1815 2847 1847 2895 9
1897 2840 2087 2910 μέντοι
2140 2858 2243 2911 pro
2287 2840 2394 2963 μὴέ

369 2915 517 2968 Erm.
667 2921 734 2968 10
783 2911 862 2969 δι’
905 2914 1027 2967 MV
1173 2919 1236 2966 11
1296 2911 1685 2981 κεκυκλωμένα
1720 2912 1772 2964 V
1919 2918 1983 2965 12
2025 2911 2086 2965 ἐν
2133 2929 2240 2966 om.
2278 2911 2335 2963 M

493 2983 676 3055 ἰητρίη
715 2990 768 3040 Γ
907 2986 1117 3039 τοῖσιδε
1164 2984 1305 3050 ΒΜ,
1361 2981 1574 3039 τοῖσίδε
1620 2983 1695 3048 V,
1751 2992 1897 3038 τοῖσι
1943 2982 2006 3039 δὲ
2052 2987 2106 3036 Γ
2179 3041 2185 3046 ,
2242 2984 2390 3036 ἀπω-

368 3055 530 3110 θέειν
560 3056 720 3110 codd.
861 3062 926 3108 13
964 3056 1027 3110 τὸ
1067 3056 1199 3109 ante
1235 3062 1337 3123 τῆς
1373 3075 1458 3108 κν.
1490 3072 1595 3109 om.
1626 3054 1746 3107 MV
1893 3060 1960 3106 14
1998 3054 2079 3117 εἰς
2114 3055 2160 3107 Β
2268 3052 2390 3107 εἴσω

368 3126 570 3202 ΒΜἾ,
612 3128 715 3181 ἔσω
746 3131 799 3181 Γ
885 3125 1196 3180 ἀντωθέειν
1235 3125 1396 3179 codd.
1510 3130 1576 3178 15
1613 3126 1677 3178 τὸ
1716 3126 1847 3179 ante
1883 3132 1981 3194 τῆς
2016 3143 2104 3178 πτ.
2145 3142 2250 3179 om.
2280 3122 2394 3176 MV

512 3215 755 3265 περονης
791 3202 844 3250 Γ
985 3198 1041 3259 ἐς
1075 3197 1138 3251 τὸ
1179 3198 1394 3252 ἔσωθεν
1433 3195 1598 3266 μέρος
1633 3196 1695 3249 τὸ
1733 3192 1861 3249 κατ’
1903 3195 2080 3263 αὐτὴν
2117 3216 2164 3250 τ.
2204 3195 2239 3248 l'.
2277 3195 2390 3254 ΒΓ,

365 3268 429 3321 τὸ
468 3266 711 3320 εἶ’σωθεν
750 3268 806 3329 ἐς
841 3269 903 3321 τὸ
943 3267 1087 3321 κατὰ
1123 3287 1170 3321 τ.
1211 3267 1246 3320 ἴ.
1286 3264 1420 3337 (ἴξιν
1457 3268 1527 3335 V)
1564 3267 1685 3320 MV
1796 3272 1860 3320 16
1900 3264 2105 3321 ὠθέειν
2144 3265 2206 3321 δὲ
2243 3266 2299 3328 ἐς
2332 3264 2391 3317 τὸ

371 3338 474 3391 ἔσω
514 3336 662 3403 (εἴσω
691 3338 830 3407 MV)
870 3337 1034 3407 μέρος
1069 3356 1170 3407 pro
1213 3337 1301 3392 ὄπ.
1333 3340 1447 3391 ἀλλ.
1478 3339 1574 3392 ἀπ.
1605 3336 1933 3402 BMVHN,
1976 3334 2120 3401 ὅκως
2154 3338 2264 3390 ἀλλ.
2297 3337 2388 3388 ἀπ.

369 3424 477 3460 reo.
518 3406 645 3459 AJd.
687 3407 808 3461 Gal.
849 3408 981 3462 Litt.
1020 3408 1169 3462 Erm.
1209 3409 1308 3477 Pq.
1423 3406 1573 3472 ὅπως
1603 3452 1613 3461 .
1648 3451 1657 3461 .
1693 3451 1702 3460 .
1737 3408 1911 3471 οὕτως
1947 3411 2058 3476 (19)
2098 3424 2203 3461 om.
2242 3410 2294 3459 Γ
2536 3419 2542 3512 1

373 3483 436 3529 17
479 3478 539 3531 δὲ
577 3494 680 3544 pro
718 3497 776 3532 τε
812 3478 871 3529 Μ
1017 3485 1082 3532 18
1122 3481 1292 3546 ἀρθρ.
1332 3480 1377 3532 Β
1487 3480 1588 3544 ξὺν
1626 3479 1745 3532 MV
1854 3478 1982 3533 εἴσω
2023 3479 2182 3533 codd.
