2588 3876
307 163 441 227 244
759 165 935 214 ΠΕΡΙ
967 163 1257 216 ΑΡΘΡαΝ
1291 163 1651 214 ΕΜΒΟΛΗΣ
1688 165 1772 214 86.
1803 164 1869 213 ετ

308 326 477 391 ἀλλὰ
519 326 731 391 ποτὸν
775 324 1137 408 ὀξύγλυκυ,
1193 326 1252 389 εἰ
1310 322 1467 390 δέοι.
1558 323 1849 400 ἐπίδεσις
1904 320 1978 388 δὲ
2023 325 2336 410 ἄρθρων·

308 434 549 516 πάντα,
604 437 857 513 μᾶλλον
919 443 1092 497 τοῖσι
1147 431 1550 515 φλάσμασιν,
1607 431 1940 514 ἐπιδε<ῖν>
1994 430 2337 496 ὀθονίοισι

295 541 571 605 πλείοσι
616 539 725 604 καὶ
770 537 1374 623 μαλθακωτέροισι,
1420 537 1629 615 πιέξις
1672 539 1924 621 ἥσσων·
1982 554 2343 622 προσπερι-

309 649 582 731 βάλλειν
629 646 708 710 δὲ
748 646 828 710 τὰ
873 649 1151 711 πλεῖστα
1192 654 1270 731 τῇ
1317 643 1580 730 πτέρνῃ.
1672 646 1744 709 τὸ
1792 654 2034 728 σχῆμα,
2081 642 2244 728 ὅπερ
2295 645 2338 728 ἡ

258 779 283 819 5
311 753 620 836 ἐπίδεσις,
659 752 748 830 ὡς
781 753 870 836 μὴ
907 750 975 828 ἐς
1018 752 1141 835 τὴν
1184 751 1476 836 πτέρνην
1513 750 1961 835 ἀποπιέζηται·’
2004 749 2338 836 νάρθηξιν

316 861 392 926 δὲ
435 861 521 943 μιὴ
563 862 884 945 4χρῆσθαι.

357 1014 358 1017 ,
448 966 553 1030 87.
620 957 773 1031 Οἶσι
834 963 891 1030 δ’
949 964 1036 1030 ἂν
1094 964 1254 1050 ἐκβῇ
1318 964 1353 1031 ὁ
1417 964 1586 1041 ποὺς
1642 964 1683 1048 ἢ
1745 965 1941 1042 αὐτὸς
1993 965 2055 1049 ἢ
2081 968 2215 1030 σὺν·
2256 976 2339 1051 τῇ

314 1071 654 1157 ἐπιφύσει,
701 1070 1002 1138 ἐκπίπτει
1055 1072 1178 1154 μὲν
1231 1075 1486 1156 μᾶλλον
1540 1069 1608 1148 ἐς
1650 1073 1725 1136 τὸ
1773 1074 1928 1137 ἔσω·
1995 1070 2081 1155 ἦν
2128 1069 2204 1137 δὲ
2246 1074 2336 1156 pm)

314 1177 603 1269 ἐμπέσῃ,
645 1180 1033 1245 λεπτύνεται
1088 1178 1215 1243 ἀνὰ
1259 1180 1504 1265 χρόνον
1562 1181 1777 1263 ἰσχίον
1820 1177 1931 1243 καὶ
1976 1180 2184 1264 μηρὸς
2228 1179 2341 1244 καὶ

213 1313 291 1353 -ιο
317 1287 683 1372 κνήμης.τὸ
736 1286 970 1351 ἀντίον
1014 1294 1133 1351 τοῦ
1189 1285 1650 1368 ὀλισθήματος.
1740 1283 1985 1371 ἐμβολὴ
2033 1281 2108 1350 δὲ
2151 1287 2341 1370 ἄλλη,

304 1394 536 1478 ’ὥσπερ
578 1401 865 1478 καρποῦ,
911 1393 1261 1468 κατάτασις
1307 1388 1381 1457 δὲ
1430 1394 1683 1477 ἱσχυρή.
1765 1399 1940 1476 ἴησις
1985 1391 2088 1475 δέ,
2136 1394 2340 1475 νόμος

251 1503 612 1586 ἄρθρων.
691 1504 1099 1583 παλιγκοτεῖ,
1135 1493 1348 1582 ἧσσον
1385 1500 1460 1564 δὲ
1496 1508 1784 1585 καρποῦ,
1820 1499 1905 1583 ἢν
1941 1498 2342 1583 ἡσυχάσωσι.

318 1609 538 1672 δίαιτα
563 1606 798 1690 μείων,
837 1604 1198 1671 ἐλινύουσι.
1277 1606 1359 1670 τὰ
1394 1602 1469 1670 δὲ
1505 1603 1578 1670 ἐκ
1614 1614 1844 1688 γενεῆς
1878 1606 1920 1689 ἢ
1949 1603 2025 1670 ἐν
2051 1605 2341 1689 αὐξήσει,

317 1714 480 1778 κατα
525 1715 729 1796 λόγον
772 1724 908 1777 τῶν
950 1715 1292 1798 πρότερον.

466 1876 494 1924 1
554 1871 668 1925 ἀπὸ
721 1879 834 1925 τῶν
890 1888 992 1940 pro
1048 1869 1223 1924 ποτὸν
1269 1870 1315 1921 Β
1461 1875 1492 1921 2
1552 1869 1642 1923 ἐπὶ
1689 1868 1752 1924 δὲ
1799 1869 1958 1924 codd.
2080 1866 2343 1937 ἐπίδεσις,

323 1941 566 1998 ἐπιδέειν
601 1942 705 2012 μὲν
742 1962 956 2006 παντα,
994 1945 1200 2011 μᾶλλον
1238 1938 1298 1995 δ’
1331 1937 1424 2010 ἐφ’
1460 1937 1573 1996 οἶσι
1610 1941 1907 2032 φλάσματα
1943 1941 2014 1995 de
2053 1958 2154 1996 suo
2194 1942 2342 1996 Erm.

392 2013 596 2083 θλάσμ.
601 1964 834 2079 μΒΜἾ,
875 2017 965 2081 φλ.
1004 2013 1152 2083 vulg.
1183 2012 1386 2066 Mochl.
1429 2018 1496 2065 30
1571 2011 1886 2068 ὀθονίοισιν
1924 2013 1983 2065 Μ
2093 2019 2124 2066 3
2171 2008 2345 2079 ἧσσον

321 2083 443 2138 MV
549 2084 736 2139 πάντα
774 2087 979 2154 μᾶλλον
1017 2084 1193 2137 deleri
1238 2084 1375 2137 vult.
1405 2083 1532 2136 Wb.
1644 2090 1677 2136 4
1716 2083 1896 2175 ὥσπερ
1934 2084 2104 2150 Ειτα.,
2144 2084 2341 2155 οιηπερ

198 2189 203 2197 -
322 2155 450 2208 Wb.
562 2162 594 2209 5
629 2155 877 2224 νάρθηξι
903 2156 1023 2209 MV
1218 2154 1360 2226 χ.ρέε
1391 2155 1551 2209 codd.
1673 2161 1701 2208 7
1742 2152 1828 2218 οἷς
1855 2153 1927 2209 ἂν
1944 2155 2090 2227 ἐκβῆ
2094 2175 2115 2208 ι
2144 2155 2174 2209 ὁ
2204 2156 2349 2217 πούς

322 2227 411 2281 tit..
450 2227 512 2280 in
548 2226 703 2281 calce
737 2227 797 2279 M
899 2227 995 2298 ἔβη
1041 2227 1086 2278 Β
1149 2160 1304 2292 6ξὺν
1352 2226 1511 2281 codd.
1658 2231 1690 2279 8
1738 2224 2024 2282 ἐκπίπτειν
2069 2226 2123 2280 V
2267 2227 2348 2288 εἰς

323 2296 439 2351 ΒΜ
547 2296 674 2353 εἴσω
710 2296 912 2364 BMV,
971 2297 1073 2352 ἔσω
1111 2298 1248 2351 mut.
1296 2297 1357 2350 in
1396 2296 1524 2352 εἴσω
1561 2296 1616 2349 Ν
1761 2303 1828 2350 10
1875 2297 2008 2367 ἄλλη
2047 2297 2156 2351 del.
2194 2295 2343 2351 Erm.

453 2375 518 2425 12
557 2372 727 2437 παλιγ
729 2366 907 2424 κοτέει
944 2369 1103 2423 codd.
1253 2374 1319 2422 13
1359 2368 1667 2422 ἐλλινύουσι
1702 2367 1755 2422 V
1918 2374 1984 2422 14
2021 2388 2098 2422 τω
2137 2368 2208 2436 Β,
2244 2369 2348 2423 τὸν

323 2440 468 2506 MV,
506 2450 619 2495 τῶν
656 2440 804 2495 Erm.
