2588 3876
697 134 871 185 ΠΕΡΙ
904 134 1195 186 ΑΡΘΡΩΝ
1231 135 1593 185 mumolum
1631 138 1699 186 60
2090 124 2224 196 ‘209

181 298 444 374 μᾶλλον
473 295 911 376 πτερνοβάται
940 292 1064 359 εἰσὶ
1103 294 1404 371 τιθέντες
1439 295 1558 359 τὸν
1593 296 1784 377 πόδα,
1822 301 2121 380 αἴροντες
2151 296 2225 360 δὲ

185 401 305 464 τὸν
349 397 677 464 ἐναντίον.
770 399 1071 464 ὁπόσοισι
1119 401 1193 466 δὲ
1240 403 1323 485 δὴ
1372 401 1582 478 οὕτως
1629 400 2068 485 ἐκπέπτωκεν,
2114 404 2224 466 καὶ

179 504 284 570 ἔτι
341 511 612 588 μᾶλλον
658 515 737 591 τῇ
806 506 1051 592 πτέρνῃ
1116 511 1809 593 προσεγχρίμπτουσιν
1866 508 1906 592 ἢ
1966 516 2058 596 τῷ
2114 506 2224 590 ἔμ-

181 618 515 696 προσθεν·
579 614 654 676 τὸ
700 615 827 698 γὰρ
875 616 1257 698 ἔμπροσθεν
1301 623 1424 679 τοῦ
1470 616 1703 697 ποδός,
1762 615 1924 680 ὅταν
1969 613 2224 681 ἐκτετα-

87 765 110 779 2
179 719 392 803 μένον
438 712 482 805 ᾖ
526 720 601 783 τὸ
658 721 818 784 ἄλλο
875 720 1134 804 σκέλος,
1195 720 1318 804 οὐχ
1378 721 1622 804 ὁμοίως
1683 722 1963 787 δύναται
2027 720 2092 797 ἐς
2147 724 2221 786 τὸ
2278 749 2302 787 5

178 828 411 909 πρόσω
475 827 1013 910 καμπύλλεσθαι,
1081 826 1298 913 ὥσπερ
1360 826 1522 892 ὅταν
1581 828 2120 911 συγκεκαμμένον
2180 823 2223 913 ᾗ

180 934 265 997 τὸ
311 931 568 1009 σκέλος·
625 933 780 997 οὔτε
818 927 902 997 αὖ
952 941 1319 1014 σιμοῦσθαι
1367 934 1647 998 δύναται
1693 934 1728 999 ὁ
1776 937 1944 1010 ποὺς
1991 946 2224 1017 συγκε-

178 1034 504 1119 κλιμένου
551 1048 672 1103 τοῦ
720 1038 1013 1121 σκέλεος,
1061 1040 1149 1116 ὡς
1196 1040 1359 1105 ὅταν
1404 1038 1832 1121 ἐκτεταμένον
1876 1034 1918 1126 ᾖ
1965 1041 2039 1105 τὸ
2078 1042 2223 1106 σκέ-

181 1151 318 1220 λος.
402 1144 805 1227 ὑγιαίνουσά
839 1169 910 1210 τε
948 1141 1074 1210 οὖν
1110 1147 1151 1229 ἡ
1189 1147 1394 1229 φύσις
1432 1146 1605 1210 οὕτω
1643 1146 1962 1230 πέφυκεν,
2002 1147 2223 1232 ὥσπερ

179 1257 468 1335 εἴρηται·
519 1251 681 1315 ὅταν
719 1252 793 1316 δὲ
831 1250 1112 1316 ἐκπεσὸν
1148 1254 1235 1336 μὴ
1273 1251 1520 1338 ἐμπέσῃ
1568 1254 1640 1317 τὸ
1681 1255 1964 1337 ἄρθρον,
2011 1253 2223 1329 οὕτως
2254 1283 2304 1320 10

180 1357 693 1443 ὁδοιπορέουσι,
750 1359 837 1434 ὡς
885 1364 1166 1443 εἴρηται,
1223 1361 1338 1423 διὰ
1390 1361 1505 1436 τὰς
1560 1361 1936 1444 προφάσιας
1979 1362 2222 1436 ταύτας

178 1466 304 1539 τὰς
379 1463 755 1557 εἰρημένας·
830 1464 1280 1550 ἀσαρκότερον
1351 1464 1581 1548 μέντοι
1643 1467 1718 1531 τὸ
1794 1465 2027 1542 σκέλος
2098 1476 2221 1530 τοῦ

179 1570 420 1655 ἑτέρου
467 1572 751 1653 γίνεται,
797 1571 962 1635 κατά
1006 1593 1075 1634 τε
1121 1572 1195 1635 τὸ
1241 1583 1531 1654 πυγαῖον
1575 1573 1685 1636 καὶ
1731 1574 1896 1637 κατὰ
1941 1575 2063 1656 τὴν
2109 1598 2223 1655 γα-

180 1678 642 1762 στροκνημίην
687 1677 796 1741 καὶ
849 1679 1014 1741 κατὰ
1068 1679 1191 1761 τὴν
1246 1680 1534 1742 ὄπισθεν
1590 1676 1736 1755 ἴξιν.
1829 1670 1965 1742 οἶσι
2027 1678 2085 1741 δ’
2141 1678 2225 1742 ἂν

181 1785 455 1867 νηπίοις
498 1780 595 1847 ἔτι
641 1781 871 1848 ἐοῦσιν
915 1784 990 1847 τὸ
1038 1784 1302 1869 ἄρθρον
1339 1783 1550 1859 οὕτως
1585 1782 1954 1848 ὀλισθάνον
1988 1785 2077 1867 μὴ
2115 1781 2226 1867 ἐμ·
2253 1811 2303 1850 15

180 1888 356 1975 πέσῃ
404 1889 444 1974 ἢ
500 1890 608 1954 καὶ
665 1887 737 1954 ἐκ
793 1899 1021 1974 γενεῆς
1076 1889 1249 1955 οὕτω
1299 1889 1594 1974 γένηται,
1651 1887 1762 1955 καὶ
1808 1890 2103 1956 τούτοισι
2149 1892 2222 1955 τὸ

183 2006 314 2061 τοῦ
361 2005 578 2081 μηροῦ
626 1995 862 2061 ὀστέον
906 1999 1158 2079 μᾶλλόν
1202 2022 1266 2062 τι
1302 1999 1579 2079 μινύθει
1625 1997 1665 2081 ἢ
1710 1998 1791 2061 τὰ
1826 2006 1943 2080 τῆς
1975 1999 2225 2080 κνήμης

182 2104 302 2168 καὶ
362 2104 446 2166 τὰ
502 2112 622 2168 τοῦ
681 2104 915 2180 ποδός·
979 2105 1216 2187 ἥκιστα
1273 2105 1405 2187 μὴν
1466 2102 1540 2168 ἐν
1598 2105 1812 2190 τούτῳ
1867 2111 1959 2190 τῷ
2005 2106 2224 2191 τρόπῳ

183 2218 314 2274 τοῦ
363 2209 809 2293 ὀλισθήματος
856 2209 891 2273 ὁ
937 2211 1143 2295 μηρὸς
1188 2217 1504 2293 μειοῦται.
1585 2211 1955 2292 μινύθουσι
1999 2210 2225 2291 μέντοι

187 2317 258 2380 αἱ
310 2314 543 2400 σάρκες
590 2317 833 2401 πάντῃ,
887 2316 1168 2396 μάλιστα
1223 2317 1299 2381 δὲ
1351 2317 1516 2381 κατὰ
1569 2318 1691 2399 τὴν
1736 2318 2023 2381 ὄπισθεν
2072 2316 2222 2399 ἴξιν,
2252 2343 2304 2381 20

188 2422 412 2505 ὥσπερ
473 2422 599 2506 ἤδη
660 2419 770 2486 καὶ
829 2424 1129 2506 πρόσθεν
1189 2428 1457 2508 εἴρηται.
1563 2421 1710 2486 ὅσοι
1764 2417 1887 2505 μὲν
1951 2417 2078 2486 οὖν
2141 2421 2225 2485 ἂν

188 2527 697 2610 τιθηνηθέωσιν
734 2527 977 2611 ὀρθῶς,
1016 2523 1203 2592 οὗτοι
1240 2528 1365 2611 μὲν
1403 2528 1722 2592 δύνανται
1758 2534 2224 2611 προσχρῆσθαι

337 2725 368 2772 2
406 2737 678 2774 ταναντια
715 2724 768 2773 Γ
844 2717 955 2774 οῖσι
996 2724 1056 2785 Γ,
1096 2720 1246 2775 ὀκόσ.
1287 2721 1391 2773 cet.
1468 2718 1783 2774 ἐκπέπτωκε
1813 2719 1862 2772 V
1980 2724 2011 2770 3
2049 2735 2224 2786 προσ-

189 2788 581 2861 εγχρίπτονσιν
617 2793 671 2860 (ν
709 2790 840 2846 add.
877 2790 983 2853 Μ’)
1021 2791 1141 2845 MV
1285 2798 1318 2844 3
1355 2792 1418 2845 τὸ
1456 2791 1635 2845 ΒΜΓ
1772 2798 1806 2844 4
1842 2799 1941 2844 τοῦ
1981 2807 2087 2844 om.
2118 2789 2220 2854 Ml,

189 2883 276 2931 γρ.
319 2861 634 2931 ἔμπροσθεν
679 2870 778 2915 τοῦ
816 2862 852 2915 i.
891 2881 963 2917 m.
1001 2861 1089 2914 Μ’
1233 2868 1265 2914 4
1312 2866 1490 2925 ποὸος
1521 2862 1529 2935 Ι
1562 2859 1597 2930 ἢ
1632 2863 1695 2916 τὸ
1734 2862 1865 2917 ἄλλο
1913 2859 2072 2931 (ὅταν
2111 2861 2219 2914 ἐκτ.

191 2936 324 3000 om.)
361 2936 414 2986 Γ
551 2938 584 2985 5
625 2933 685 3002 ἔῃ
724 2932 844 2986 MV
951 2933 1227 2987 δύνανται
1263 2933 1374 2986 ΒΓ
1513 2938 1544 2986 6
1584 2934 1974 3003 καμπύλεσθαι
2009 2931 2124 2984 ΒΓ

194 3005 270 3068 ὡς
306 3007 361 3057 Γ
499 3003 650 3073 ξυγκ.
690 3003 811 3056 MV
919 3004 980 3073 ἕη
1019 3003 1139 3057 MV
1287 3009 1317 3057 7
1370 3000 1490 3057 οὐτ’
1531 3004 1653 3058 MV
1760 3006 2067 3074 μισοῦσθαι
2104 3002 2224 3055 MV

306 3080 352 3127 7.
393 3080 425 3127 8
475 3075 626 3145 ξυγκ.
667 3073 809 3139 MV,
865 3072 1315 3145 ξυγκεκαμμένου
1362 3074 1486 3128 Par.
1528 3074 1587 3127 M
1624 3074 1699 3143 (N
1708 3074 1762 3127 H
1800 3091 1866 3128 ex
1904 3076 2031 3142 em.)
2085 3073 2220 3126 Litt.

193 3145 342 3199 Erm.
383 3145 482 3213 Pq.
631 3145 757 3199 οὔτε
946 3143 1125 3209 ποδός
1169 3148 1280 3215 (18)
1335 3163 1441 3200 om.
1490 3149 1543 3198 Γ
1718 3151 1750 3198 8
1800 3139 1835 3217 ᾖ
1885 3144 2112 3213 scripsi,
2163 3144 2221 3212 ἕη

191 3217 354 3271 codd.
533 3222 598 3269 10
638 3218 756 3271 ἐνπ.
795 3217 841 3268 Β
1016 3222 1078 3269 11
1120 3214 1548 3284 ὀδοιπορέουσιν
1584 3215 1704 3269 MV
1867 3221 1935 3269 14
1983 3214 2224 3269 ὄπισθεν

191 3305 300 3342 0111.
340 3288 386 3340 Β
563 3293 627 3340 15
685 3284 936 3356 νηπίοισι
981 3287 1066 3353 Μ,
1122 3308 1183 3341 -ν
1229 3286 1280 3339 V
1426 3286 1579 3340 ἐοῦσι
1625 3286 1746 3340 MV
1921 3292 1986 3339 16
2033 3283 2068 3353 ἢ
2115 3293 2221 3339 0111.

190 3358 237 3411 Β
405 3364 469 3411 17
528 3358 834 3427 μινύθουσι
883 3401 893 3411 .
937 3400 947 3411 .
991 3401 1000 3411 .
1051 3358 1375 3429 ἐκπεπτώκῃ
1440 3359 1512 3426 (p.
1555 3363 1687 3425 210,
1728 3360 1813 3426 13)
1871 3373 1977 3411 om.
2037 3360 2090 3409 Γ

191 3434 262 3482 20
318 3429 491 3484 πάντι
537 3429 611 3481 Β·
729 3435 794 3482 21
854 3428 1102 3483 ὁκόσοισι
1156 3429 1202 3481 Β
1349 3433 1415 3481 22
1471 3432 1862 3499 τνθηνηθῶσιν
1919 3426 2079 3481 codd.

190 3498 481 3571 προσχρέε.
522 3498 683 3554 codd.

300 3599 643 3638 Hnroonuns
670 3599 732 3637 11.
1840 3591 1905 3637 14
