2588 3876
784 123 946 180 KAT’
987 130 1334 180 IHTPEION
1370 131 1455 181 22.
1485 131 1568 179 23.
1600 131 1669 179 24
2146 125 2233 189 43

358 288 458 352 22.
500 286 731 354 Ὁκόσα
767 287 827 353 δ’
868 288 1299 374 έκχυμώματα
1332 289 1374 374 ἢ
1409 288 1761 374 φλοίσματα
1803 287 1844 372 ἢ
1890 289 2234 374 σπάσματα

228 392 268 478 ἢ
311 396 630 480 οἰδήματα
677 395 1136 480 ἀφλέγμαντα,
1189 394 1530 481 ἐξαρύεται
1584 388 1743 478 αἷμα
1788 394 1860 461 ἐκ
1903 404 2025 461 τοῦ
2069 397 2235 480 τρώ-

223 525 421 583 ματος
465 501 532 579 ἐς
566 499 690 587 μὲν
725 503 800 568 τὸ
838 503 978 568 ἄνω
1024 512 1146 569 τοῦ
1192 504 1492 585 σώματος
1533 504 1609 568 τὸ
1644 506 1977 587 πλεῖστον,
2015 504 2234 588 βραχὺ
2259 530 2284 567 e

225 606 302 673 δέ
338 633 403 674 τι
445 607 555 674 καὶ
604 609 671 686 ἐς
713 611 789 675 τὸ
834 610 1028 675 κάτω.
1104 610 1191 693 μὴ
1236 610 1560 675 κατάντεα
1602 611 1726 693 τὴν
1768 619 1956 696 χεῖρα
1998 607 2237 695 ἔχοντα

223 714 262 798 ἢ
314 718 387 781 τὸ
443 715 702 800 σκέλος,
755 714 1111 799 τιθέμενον
1162 717 1287 800 τὴν
1346 715 1556 803 ἀρχὴν
1594 714 1604 803 Ι
1642 718 1808 781 κατὰ
1858 718 1935 783 τὸ
1993 727 2219 801 τρῶμα
2236 737 2340 786 328

219 820 323 887 καὶ
367 823 652 905 μάλιστα
695 822 1062 909 ἐρείδοντα,
1106 823 1343 906 ἥκιστα
1386 824 1467 888 τὰ
1511 823 1702 910 ἄκρα,
1747 822 1959 908 μέσως
2006 825 2086 888 τὰ
2123 824 2234 889 διὰ
2288 835 2314 875 ⁶

220 927 440 1013 μέσου.
527 929 604 994 τὸ
659 930 938 1013 ἔσχατον
981 930 1148 1014 πρὸς
1199 930 1274 994 τὸ
1323 930 1459 995 ἄνω
1513 938 1635 995 τοῦ
1691 930 1991 1014 σώματος
2045 933 2236 1012 νεμό-

217 1055 445 1119 μενον·
494 1034 802 1119 έπιδέσει,
842 1033 1071 1112 πιέξει·
1121 1036 1284 1120 ἀτὰρ
1321 1034 1434 1100 καὶ
1469 1044 1675 1101 ταῦτα
1711 1039 1955 1120 πλήθει
1980 1040 2236 1121 μᾶλλον

218 1141 256 1226 ἢ
302 1143 500 1226 ἰσχύι.
590 1140 872 1223 μάλιστα
918 1137 992 1205 δὲ
1036 1142 1378 1207 τούτοισιν
1422 1141 1667 1207 ὀθόνια
1711 1143 1941 1227 λεπτά,
1991 1152 2236 1228 κοῦφα,

214 1249 551 1332 μαλθακά,
606 1248 903 1335 καθαρά,
955 1246 1231 1331 πλατέα,
1280 1248 1467 1333 ὑγιᾶ,
1513 1249 1602 1325 ὡς
1647 1247 1733 1314 ἂν
1776 1250 1937 1315 ἄνευ
1983 1253 2237 1335 ναρθή-
2264 1262 2316 1302 1⁰

213 1376 371 1421 κων
419 1353 532 1420 καὶ
577 1356 932 1439 καταχύσει
975 1362 1268 1440 χρῆσθαι
1313 1353 1560 1419 πλέονι.

344 1463 452 1527 23.
516 1463 612 1527 Τὰ
666 1460 727 1525 δ’
780 1459 1165 1542 έκπτώματα
1218 1459 1260 1544 ἢ
1315 1460 1687 1546 στρέμματα
1742 1463 1784 1547 ἢ
1833 1463 2237 1550 διαστήματα

213 1569 253 1654 ἢ
305 1569 789 1653 ἀποσπάσματα
842 1567 884 1652 ἢ
940 1567 1410 1652 ἄποκλάσματα
1463 1567 1505 1652 ἢ
1561 1569 2072 1655 διαστρέμματα,
2128 1563 2238 1636 οἷα

214 1677 290 1741 τὰ
341 1676 588 1759 κυλλά,
640 1675 722 1740 τὰ
776 1671 1206 1761 ἑτερόρροπα,
1263 1677 1464 1740 ἔνθεν
1517 1671 1639 1758 μὲν
1693 1673 1945 1761 ἐξέστη,
2007 1678 2235 1743 συνδι-

214 1783 448 1866 δόντα,
503 1781 624 1867 ὅκῃ
681 1779 785 1865 δέ,
841 1783 1303 1864 συντείνοντα,
1359 1782 1448 1857 ὡς
1493 1780 1561 1858 ἐς
1614 1782 1694 1845 τὰ
1748 1780 2017 1849 ἐναντία
2071 1783 2236 1874 ῥέπῃ
2265 1813 2314 1854 15

214 1886 611 1960 έπιδεθέντα
652 1887 694 1973 ἢ
739 1886 904 1975 πρὶν
949 1887 1343 1972 ἐπιδεθῆναι
1388 1896 1641 1977 σμικρῷ
1686 1893 1942 1972 μᾶλλον
1983 1889 2025 1975 ἢ
2071 1892 2235 1957 ὥστε

212 1993 275 2073 ἐξ
324 1997 482 2062 ἴσον
529 1990 726 2061 εἶναι·
785 1994 897 2060 καὶ
941 2005 1159 2061 τοῖσιν
1204 1994 1617 2078 έπιδέσμοισι
1661 1995 1772 2062 καὶ
1816 2007 1990 2064 τοῖσι
2034 2001 2238 2083 σπλή-

209 2120 355 2168 νεσι
409 2100 524 2167 καὶ
568 2112 788 2168 τοῖσιν
833 2101 1250 2188 ἀναλήμμασι
1304 2101 1414 2168 καὶ
1460 2113 1634 2169 τοῖσι
1677 2107 1988 2189 σχήμασι,
2042 2129 2236 2171 κατα-

209 2210 417 2293 τάσει,
464 2209 831 2294 ἀνατρίψει,
878 2209 1261 2295 διορθώσει,
1305 2210 1654 2294 καταχύσει
1696 2209 1944 2277 πλέονι.

345 2314 452 2380 24.
509 2317 604 2380 Τὰ
649 2312 723 2381 δὲ
767 2319 1218 2400 μινυθήματα,
1263 2318 1436 2380 πολὺ
1472 2319 2069 2402 προσλαμβάνοντα
2111 2327 2233 2384 τοῦ
2262 2346 2315 2386 20

357 2478 385 2526 1
419 2470 540 2527 Ὁπ.
574 2471 626 2525 V
733 2469 769 2541 ἢ
808 2474 897 2540 φλ.
937 2488 1042 2525 om.
1071 2471 1123 2525 V
1230 2488 1307 2524 σπ
1343 2471 1587 2542 (σπάσμ.)
1622 2472 1684 2526 in
1718 2488 1846 2527 raso
1881 2473 2005 2527 loco
2042 2472 2094 2527 V

208 2549 241 2597 2
289 2542 618 2614 ἁφλέγματα
655 2542 706 2596 V
814 2540 1127 2611 ἐξαρείαται
1163 2542 1305 2609 ΒΜ,
1362 2542 1526 2612 ἐξάρῃ
1573 2542 1669 2598 ἅτε
1706 2542 1773 2611 V,
1830 2540 2130 2611 έξαρύαται
2165 2543 2234 2612 Ν,

208 2615 503 2683 ἐξαρύεται
537 2614 787 2668 Erotium.
818 2612 994 2668 Gloss.
1023 2631 1078 2683 p.
1109 2619 1195 2679 69,
1226 2619 1293 2667 10
1321 2613 1438 2681 ln,
1475 2613 1636 2668 Lind.
1665 2614 1830 2683 Bosq.
1859 2615 1984 2683 Pq.‚
2025 2613 2236 2683 §ge-9252·-

203 2706 301 2741 ται
329 2686 495 2752 Litt„
542 2684 829 2756 ἐξεργᾶται
864 2684 1012 2754 vulg.
1028 2727 1042 2751 ‚
1079 2684 1319 2739 fortasse
1356 2684 1710 2739 scribendum
1744 2689 1830 2739 est
1867 2683 2235 2757 ἐξέργ(είργ)ε-

204 2776 301 2811 ται
339 2756 412 2811 of.
442 2757 572 2823 περὶ
597 2758 788 2827 ἀγμῶν
826 2773 870 2810 ο.
901 2760 970 2811 48
1078 2763 1113 2810 4
1149 2755 1395 2826 κατάντη
1425 2756 1603 2822 codd„
1642 2775 1735 2810 -εα
1761 2756 1925 2824 Bosq.
2039 2763 2069 2811 6
2106 2759 2236 2826 poet

204 2827 449 2897 μάλιστα
486 2828 615 2880 add.
651 2827 724 2881 τὰ
758 2826 867 2881 BV
1009 2831 1042 2879 8
1082 2825 1296 2882 έπιδέσι
1330 2825 1478 2892 πιέξι
1513 2827 1559 2881 Β
1695 2833 1726 2881 9
1763 2826 2035 2883 τουτέοισι
2071 2828 2135 2894 Β,
2173 2850 2235 2884 -ν

207 2898 332 2953 MV
479 2904 545 2952 10
582 2898 805 2968 μαλακὰ
840 2897 892 2952 V
995 2897 1156 2968 ὑγιέα
1192 2897 1252 2950 Μ
1398 2903 1461 2951 11
1500 2917 1644 2952 κατα
1680 2898 1772 2953 ύσι
1807 2898 1853 2951 Β
1924 2898 2093 2954 πλέον
2129 2899 2238 2953 BV

358 2975 426 3023 14
460 2973 623 3024 κοιλα
656 2970 718 3037 Β,
766 2968 906 3024 κυλὰ
942 2967 994 3022 V
1099 2967 1240 3023 ὅθεν
1275 2985 1377 3037 pro
1415 2969 1586 3024 ἔνθεν
1657 3012 1670 3034 ,
1716 2968 1837 3024 Gal.
1878 2986 2072 3024 comm.
2112 2975 2233 3037 889,

208 3041 347 3095 Litt.
384 3041 483 3110 Pq.
593 3040 695 3111 μὲν
731 3057 838 3094 om.
877 3040 937 3093 M
1043 3036 1256 3106 ξυνδίδ.
1296 3039 1378 3105 Μ,
1429 3038 1602 3096 evei&
1640 3041 1730 3105 B¹,
1779 3058 1882 3095 συν
1919 3058 1991 3095 ss.
2020 3041 2094 3095 B'

209 3117 280 3165 15
320 3110 429 3182 ὅπη
467 3112 647 3177 codd„
684 3111 885 3182 scripsi
923 3109 1027 3184 ὅκῃ
1136 3109 1200 3166 δέ
1230 3154 1240 3164 .
1274 3154 1286 3165 .
1320 3154 1330 3164 .
1362 3107 1501 3183 ῥέπῃ
1540 3128 1645 3166 om.
1676 3111 1727 3165 V
1797 3110 2031 3177 ξυντείν.
2070 3113 2130 3166 Μ

207 3204 383 3292 ‘wael'
412 3218 472 3271 M
582 3222 648 3272 17
683 3227 827 3272 τοῖσι
862 3217 908 3271 Β
980 3218 1079 3271 καὶ
1111 3236 1157 3270 τ.
1198 3220 1318 3271 σπλ.
1358 3233 1463 3271 om.
1493 3216 1545 3271 V
1655 3222 1719 3271 18
1755 3226 1903 3273 τοῖσι
1939 3219 2002 3285 Β,
2038 3226 2157 3281 τοῖς
2187 3218 2239 3272 V

357 3288 689 3345 καταστάσει
724 3289 784 3342 Μ
929 3293 994 3344 19
1031 3290 1162 3357 post
1199 3290 1385 3355 διορθ.
1425 3288 1553 3342 add.
1593 3291 1856 3358 σπληνεσι
1895 3288 2235 3358 έπιδέσμοισι

206 3360 480 3431 ἄναληψι,
500 3364 629 3415 θεσι
664 3360 711 3414 Β
782 3368 960 3414 ταῦτα
996 3360 1093 3413 καὶ
1127 3359 1357 3429 ταχύσει
1384 3356 1598 3414 πλείονι
1635 3359 1710 3427 Μ,
1747 3358 1893 3414 κατὰ
1926 3368 2103 3413 ταῦτα
2138 3360 2237 3412 καὶ

207 3433 517 3503 καταχύσει
550 3440 728 3487 ταῦτα
762 3428 978 3486 πλείονι
1013 3429 1065 3483 V
1169 3439 1350 3484 ταῦτα
1386 3445 1491 3483 om.
1520 3430 1566 3483 B
1611 3429 1731 3483 Gal.
1765 3446 1959 3484 comm.
1990 3434 2094 3481 890

207 3499 428 3557 πλείονι
464 3503 624 3557 codd.
771 3508 839 3556 20
876 3501 951 3571 μὴ
986 3517 1087 3570 pro
1124 3502 1266 3555 πολὺ
1316 3499 1368 3554 V
