2588 3876
313 162 439 227 186
822 166 996 217 ΠΕΡΙ
1030 163 1321 216 ΑΡΘΡΩΝ
1356 164 1714 216 ΕΜΒΟΛΗΣ
1753 165 1820 216 50

309 323 382 391 δὲ
427 327 843 412 βραδύτερον
887 325 1302 410 ὀδυνώμενοι
1346 327 1672 390 παύονται
1709 320 1898 391 οὗτοι
1942 324 1983 408 ἢ
2032 316 2212 389 οἷσιν
2254 323 2349 389 ἂν

200 448 304 497 220
323 434 575 519 πλευρὴ
626 443 903 519 καταγῇ,
964 432 1074 497 καὶ
1124 434 1557 517 ὑποστροφὰς
1606 437 1860 516 μᾶλλον
1900 429 1909 520 Ι
1953 439 2124 517 ἴσχει
2176 431 2348 496 ὀδυ-

307 541 617 624 νημάτων
674 541 750 605 τὸ
811 543 1059 626 χωρίον
1119 539 1191 605 ἐν
1249 550 1420 605 τοῖσι
1484 540 1848 605 τοιούτοισι
1907 540 2249 624 τρώμασιν
2298 537 2346 621 ἢ

306 660 448 724 τοῖς
485 645 827 732 ἑτέροισιν.
899 647 1073 731 μάλα
1108 643 1232 731 μὲν
1257 641 1385 712 οὖν
1423 644 1824 732 μετεξέτεροι
1858 645 2347 730 καταμελέουσι

246 779 278 818 5
308 766 443 819 τῶν
494 755 818 819 τοιούτων
872 752 1143 838 σινέων,
1199 758 1455 838 μᾶλλον
1507 752 1549 837 ἢ
1610 751 1691 835 ἢν
1743 754 1993 839 πλευρὴ
2049 761 2344 837 κατεαγῇ

307 862 631 927 αὐτοῖσιν.
738 860 900 947 ἀτὰρ
960 859 1071 925 καὶ
1134 862 1348 945 ἰήσιος
1404 858 1847 945 σκεθροτέρης
1911 861 1978 924 οἱ
2039 867 2349 924 τοιοῦτοι

307 967 600 1052 δέονται,
662 969 721 1032 εἰ
779 977 1222 1054 σωφρονοῖεν·
1286 977 1366 1053 τῇ
1420 990 1491 1031 τε
1544 968 1671 1051 γὰρ
1733 966 1949 1052 διαίτῃ
2006 963 2346 1051 συμφέρει

306 1075 777 1157 συνεστάλθαι,
815 1073 1121 1161 ἀτρεμεῖν
1147 1097 1218 1139 τε
1253 1082 1347 1161 τῷ
1385 1074 1637 1157 σώματι
1672 1074 1762 1150 ὡς
1789 1073 2092 1156 μάλιστα,
2121 1070 2349 1156 ἀφρο-

306 1181 543 1246 δισίων
570 1204 640 1246 τε
668 1181 1052 1266 ἀπέχεσθαι,
1092 1183 1462 1267 βρωμάτων
1488 1204 1560 1245 τε
1587 1186 1886 1266 λιπαρῶν
1908 1177 2021 1243 καὶ
2047 1200 2350 1264 κερχνω-

224 1313 279 1354 ιο
306 1286 479 1351 δέων
541 1287 651 1351 καὶ
718 1289 1011 1372 ἰσχυρῶν
1069 1287 1369 1370 πάντων,
1444 1285 1660 1370 φλέβα
1726 1309 1797 1350 τε
1859 1283 1999 1350 κατ’
2064 1284 2350 1368 ἀγκῶνα

304 1392 691 1477 τέμνεσθαι,
737 1402 934 1475 σιγᾶν
971 1415 1041 1457 τε
1078 1393 1167 1469 ὡς
1202 1394 1514 1476 μάλιστα,
1560 1391 1949 1457 ἐπιδεῖσθαί
1986 1416 2057 1457 τε
2091 1393 2165 1457 τὸ
2205 1417 2352 1476 χω-

306 1501 459 1584 ρίον
503 1501 577 1565 τὸ
625 1496 934 1583 φλασθὲν
982 1501 1301 1583 σπλήνεσι
1335 1501 1425 1584 μὴ
1464 1499 1976 1583 πολυπτύχοισι,
2017 1509 2353 1583 συχνοῖσι

305 1603 379 1671 δὲ
423 1607 534 1671 καὶ
578 1609 753 1671 πολὺ
796 1605 1264 1692 πλατυτέροισι
1317 1606 1529 1689 πάντη
1585 1614 1707 1669 τοῦ
1753 1606 2160 1689 φλάσματος,
2214 1628 2352 1689 πη-

303 1722 479 1798 ρωτῇ
527 1710 602 1778 δὲ
647 1713 1047 1798 ὑπαλείφειν
1082 1712 1428 1779 ὀθονίοισί
1458 1735 1529 1776 τε
1566 1711 1840 1777 πλατέσι
1877 1715 2006 1777 σὺν
2040 1715 2353 1797 ταινίῃσι

223 1845 275 1886 ιι
303 1822 647 1906 πλατείῃσι
683 1821 792 1885 καὶ
828 1824 1252 1905 μαλθακῇσιν
1278 1819 1561 1884 ἐπιδεῖν·
1610 1818 1892 1904 ἐρείδειν
1930 1815 2004 1883 δὲ
2025 1822 2350 1903 μετριέος,

304 1928 471 1993 ὥστε
508 1928 594 2011 μὴ
631 1927 838 2013 κάρτα
865 1926 1220 2012 πεπιέχθαι
1256 1927 1466 2011 φάναι
1506 1925 1628 1991 τὸν
1665 1924 2130 2009 ἐπιδεδεμένον
2165 1923 2335 2009 μηδ’

301 2029 389 2098 αὖ
436 2038 752 2121 χαλαρόν·
816 2035 1140 2119 ἄρχεσθαι
1187 2030 1261 2099 δὲ
1308 2035 1427 2099 τὸν
1465 2032 1812 2098 ἐπιδέοντα
1845 2034 2011 2098 κατὰ
2054 2032 2126 2096 τὸ
2162 2033 2354 2116 φλά-

304 2156 436 2224 σμα
492 2142 603 2206 καὶ
662 2139 1047 2227 ἐρηρεῖσθαι
1104 2139 1307 2226 ταύτῃ
1367 2142 1673 2225 μάλιστα·
1736 2141 1857 2223 τὴν
1915 2138 1977 2204 δ’
2030 2138 2355 2205 ἐπίδεσιν

300 2253 645 2312 ποιεῖσθαι
701 2248 792 2324 ὡς
853 2246 985 2312 ἀπὸ
1052 2249 1176 2312 δύο
1232 2245 1517 2334 ἀρχέων,
1580 2245 1835 2311 ἐπιδεῖν
1897 2270 1996 2329 τε,
2063 2246 2172 2311 ἵνα
2239 2248 2345 2332 ’μὴ

219 2381 276 2421 80
302 2350 692 2440 περιρρεπὲς
753 2354 827 2419 τὸ
893 2352 1099 2439 δέρμα
1162 2354 1236 2418 τὸ
1301 2354 1453 2438 περὶ
1516 2354 1631 2429 τὰς
1694 2353 1983 2437 πλευρὰς
2038 2345 2115 2438 ἦ,
2177 2351 2338 2416 ἀλλ’

448 2516 476 2564 1
486 2509 845 2601 βραχύτεροι
882 2510 1048 2565 Mero
1087 2511 1123 2565 i.
1162 2529 1234 2563 m.
1312 2506 1423 2564 οἶσι
1451 2509 1535 2577 Μ
1573 2533 1605 2566 ν
1646 2510 1773 2564 add.
1802 2509 1892 2562 Μ’
1999 2515 2031 2562 2
2071 2510 2201 2562 ante
2240 2513 2351 2565 πλ.

302 2582 431 2637 add.
471 2580 507 2651 ἡ
535 2583 594 2635 Μ
666 2589 905 2670 κατηγῆ
908 2582 953 2636 Β
1064 2588 1095 2634 3
1123 2582 1371 2651 τρώμασι
1394 2582 1439 2633 Β
1584 2587 1618 2635 4
1645 2590 1824 2635 τοῖσιν
1855 2577 2178 2647 ετεροίοισιν
2209 2578 2356 2635 MV

373 2653 605 2721 ἑτεροισι
641 2654 687 2706 Β
778 2649 905 2708 κατ’
937 2653 1029 2722 ἀμ.
1058 2651 1110 2705 V
1230 2659 1261 2706 5
1301 2672 1355 2721 μ.
1394 2650 1464 2720 ἢν
1501 2650 1574 2754 Ἐν
1584 2656 1690 2790 1ἱνΙιτλ
1718 2651 1780 2717 Β,
1767 2672 1871 2777 μὲι
1902 2650 1939 2721 ἢ
1968 2649 2175 2776 ἣννὴ
2148 2655 2243 2705 πλ.
2284 2651 2358 2706 V

301 2745 511 2862 33:²²?
483 2725 728 2863 ήῖςῖἔωῗν
788 2725 1208 2864 {010‘3223305’1
1212 2725 1617 2866 &mma-‚2
1642 2724 1990 2862 &zzsszssffl
2056 2722 2359 2861 m'ss‘gz‘?

301 2870 356 2920 Γ
469 2873 497 2921 7
535 2875 601 2939 τῇ
638 2887 740 2922 τε.
801 2864 999 2937 ..ἀπέχ
1021 2868 1099 2936 (9)
1139 2884 1246 2920 om.
1287 2869 1342 2919 Γ
1424 2866 1529 2935 ξυμ
1533 2886 1590 2933 φ.
1633 2864 1791 2919 codd
1831 2862 2237 2933 ξυνεσταλμένη
2270 2866 2354 2935 Β,

299 2938 672 3001 ξυνεστάλθαι
699 2910 820 2992 MV
927 2943 958 2991 8
988 2938 1290 3007 ἀτρεμινΒ
1293 2886 1557 3062 ,-μέειντ
1554 2936 1674 2990 MV
1781 2941 1813 2988 9
1845 2937 2013 3006 βρωμ.
2045 2933 2107 2989 δὲ
2134 2938 2177 2988 λ.
2211 2936 2366 2991 ΜΓ

408 3014 555 3062 9.10
593 3029 654 3064 κε
657 3011 845 3080 ρ.χιωδ
884 3008 1005 3062 MV
1115 3015 1178 3062 11
1221 3017 1424 3077 σιγᾶν.
1739 3006 1974 3076 μάλιστα
2003 3009 2112 3077 ()18
2142 3023 2258 3059 om.
2294 3012 2368 3063 Γ

410 3081 783 3135 ἐπιειδεισθαι
818 3081 890 3147 Β,
941 3078 1267 3135 ἐπιδέεσθαι
1276 3029 1460 3132 yMV
1525 3077 1586 3134 δὲ
1559 3009 1847 3132 0013?va
1843 3079 1974 3131 ante
2003 3010 2072 3131 τὸ
2108 3098 2156 3147 χ.
2201 3079 2358 3134 add.

301 3185 359 3247 ἐς
394 3185 454 3237 Μ
600 3192 665 3238 13
712 3184 1073 3254 πλατυτέροις
1108 3187 1143 3255 ἠ
1181 3186 1251 3252 Β,
1304 3170 1458 3255 -τέρη
1463 3171 1540 3238 ισι
1576 3183 1635 3236 Μ
1741 3183 1929 3238 πάντα
1966 3182 2028 3236 M
2162 3188 2241 3236 14
2279 3205 2358 3242 τε

300 3272 403 3323 pro
444 3255 506 3309 δὲ
536 3255 656 3309 MV
727 3259 837 3311 ὑπο
841 3255 1017 3328 χρίειν
1046 3257 1167 3311 MV
1238 3257 1497 3319 ὀθονιοις
1534 3255 1597 3311 δὲ
1632 3258 1900 3310 πλατεσιν
1927 3255 1973 3307 Β
2084 3259 2150 3308 15
2191 3259 2361 3311 πλα-

300 3342 451 3393 τιησι
486 3330 720 3394 πλατησι
755 3328 801 3380 Β
910 3332 1233 3397 μαλθακησι
1267 3329 1314 3381 Β
1417 3329 1682 3383 ἐπιειδεῖν
1720 3326 1790 3391 Β,
1832 3325 2074 3381 ἔπιδε-(ειν
2111 3325 2239 3378 MV

301 3415 361 3449 τε
398 3393 519 3448 MV
663 3402 728 3449 16
768 3406 950 3466 φᾶναι
986 3399 1037 3452 V
1182 3405 1247 3452 17
1284 3418 1344 3453 τε
1381 3400 1425 3452 Β
1574 3402 1639 3450 18
1679 3395 1740 3452 δὲ
1777 3397 1898 3451 MV
2040 3403 2106 3450 19
2153 3397 2356 3454 ποιέε.

304 3466 464 3519 codd.
558 3466 799 3521 ἐπειδειν
827 3469 900 3535 Β,
939 3467 1183 3524 ἐπιδέειν
1210 3470 1332 3524 MV
1424 3471 1734 3524 ἐπιδεινται
1763 3472 1825 3535 Γ,
1866 3465 2145 3522 ἐπιδέεται
2171 3467 2355 3537 Lim,

304 3534 454 3588 Erm.
493 3552 596 3603 pro
637 3536 677 3589 ἐ.
713 3557 759 3590 τ.
906 3543 975 3591 20
1013 3539 1098 3609 εἴη
1136 3541 1264 3607 ΒΓ,
1305 3539 1366 3610 ἔη
1404 3540 1548 3604 MV,
1589 3539 1786 3608 scripsi
1825 3533 1860 3614 ᾗ
1968 3538 2108 3593 ἀλλὰ
2142 3538 2206 3591 Μ
