2588 3876
551 145 725 195 ΠΕΡΙ
757 144 1049 197 ΑΡΘΡῼΝ
1083 145 1443 196 ΕΜΒΟΑΗΣ
1480 149 1565 198 38.
1606 149 1688 197 39.
1729 150 1798 197 40
2068 146 2189 208 161

162 312 273 386 τῆς
335 303 544 389 ῥινός.
644 304 806 391 ἀτὰρ
866 302 976 369 καὶ
1036 304 1339 369 ὁπόσοισι
1399 304 1466 382 ἐς
1523 306 1597 370 τὸ
1656 306 1941 389 πλάγιον
1995 307 2035 389 ἡ
2091 305 2196 392 ῥὶς

163 410 593 495 κατάγνυται,
636 412 716 474 τὰ
752 406 875 493 μὲν
911 412 1078 475 ἄλλα
1116 411 1446 497 ἰητρεύειν
1489 413 1613 497 χρὴ
1660 411 1749 488 ὡς
1783 415 2194 498 προείρηται·

163 516 557 602 προσδεῖται
612 513 685 581 δὲ
722 526 895 582 τοῖσι
951 518 1320 582 πλείστοισι
1374 515 1484 582 καὶ
1537 527 1661 583 τοῦ
1718 518 1986 599 ἱμάντας
2029 520 2195 606 πρὸς

164 623 378 708 ἄκρην
416 624 540 706 τὴν
566 623 722 708 ῥῖνα
744 627 1331 709 προσκολληθῆναι
1366 633 1483 706 τῆς
1519 623 1919 711 άντιρροπῆς
1956 625 2193 690 εἵνεκα.

302 728 410 793 39.
452 726 711 794 Ὅσοισι
757 725 832 793 δὲ
878 732 1007 794 σὺν
1051 727 1312 813 κατήξει
1357 728 1468 795 καὶ
1514 729 1704 796 ἕλκεα
1747 733 2196 817 προσγίνεται,
2251 757 2276 796 5

164 834 371 900 οὐδὲν
432 837 536 900 δεῖ
592 835 1045 922 ταράσσεσθαι
1106 837 1229 900 διὰ·
1276 846 1505 920 τοῦτο,
1572 835 1712 902 ἀλλ’
1769 835 1878 901 ἐπὶ
1934 838 2058 919 μὲν
2116 839 2197 902 τὰ

165 940 358 1007 ἕλκεα
406 939 778 1006 ἐπιτιθέναι
823 943 1155 1028 πισσηρὴν
1190 941 1231 1025 ἢ
1269 953 1405 1007 τῶν
1443 941 1731 1025 ἐναίμων
1767 962 1859 1008 τι·
1906 943 2197 1010 εὐαλθέα

165 1048 291 1132 γὰρ
357 1058 494 1112 τῶν
556 1048 880 1112 τοιούτων
932 1049 1013 1112 τὰ
1066 1048 1345 1114 πλεῖστά
1404 1047 1573 1132 ἐστι,
1640 1048 1881 1131 ὁμοίως
1943 1048 2055 1115 καὶ
2114 1050 2198 1133 ἢν

50 1211 53 1218 κ
168 1152 367 1218 ὀστέα
411 1152 612 1239 μέλλῃ
661 1153 943 1219 ἀπιέναι.
1029 1156 1153 1237 τὴν
1199 1155 1274 1219 δὲ
1331 1156 1704 1242 διόρθωσιν
1766 1157 1888 1240 τὴν
1931 1157 2198 1241 πρώτην

167 1259 420 1335 ἀόκνως
461 1260 584 1346 χρὴ
629 1266 972 1325 ποιεῖσθαι
1008 1261 1217 1343 μηδὲν
1255 1259 1677 1326 ἐπιλείποντα
1711 1259 1824 1327 καὶ
1859 1263 1974 1337 τὰς
2013 1263 2193 1347 διορ-
2222 1289 2274 1328 10

166 1366 424 1441 θώσιας
481 1375 654 1430 τοῖσι
712 1367 1142 1431 δακτύλοισιν
1206 1364 1282 1430 ἐν
1345 1377 1563 1432 τοῖσιν
1626 1369 1851 1432 ἔπειτα
1912 1370 2196 1454 χρόνοις,

169 1470 684 1557 χαλαρωτέροισι
746 1469 868 1553 μὲν
919 1473 926 1555 Ι
976 1474 1381 1558 χρεώμενον,
1445 1474 1822 1558 χρεώμενον
1894 1474 1971 1538 δέ
1984 1494 1998 1509 ·
2072 1474 2178 1539 εὐ-
2202 1493 2302 1540 172

170 1580 624 1643 πλαστότατον
687 1580 814 1664 γὰρ
876 1579 1122 1655 παντὸς
1185 1587 1306 1643 τοῦ
1373 1580 1670 1660 σώματος
1731 1580 1772 1662 ἡ
1838 1580 1940 1665 ῥίς
1998 1579 2198 1645 ἐστιν.

171 1695 301 1749 τῶν
372 1684 449 1749 δὲ
508 1684 800 1766 ἱμάντων
863 1694 943 1769 τῇ
1002 1687 1309 1767 κολλήσει
1369 1682 1480 1749 καὶ
1536 1683 1900 1770 ἀντιρροπῇ
1953 1686 2200 1750 παντά-

172 1808 373 1856 πασιν
432 1787 635 1856 οὐδὲν
691 1792 933 1856 κωλύει
992 1797 1313 1877 χρῆσθαι,
1374 1788 1513 1856 οὔτ’
1569 1791 1654 1875 ἢν
1708 1790 1897 1867 ἕλκος
1949 1782 1991 1874 ᾖ
2048 1788 2185 1855 οὔτ’
2227 1818 2277 1858 15

173 1896 252 1981 ἣν
295 1895 779 1983 ἐπιφλεγμήνῃ·
841 1896 1246 1962 ἀλυπόταται
1291 1898 1419 1983 γάρ
1467 1898 1656 1964 εἰσιν.

301 2003 408 2068 40.
452 2000 583 2069 Ἢν
630 2004 704 2069 δὲ
749 1998 868 2080 οὗς
902 2012 1182 2090 καταγῇ,
1228 2002 1554 2081 ἐπιδέσιες
1597 2004 1721 2086 μὲν
1764 2012 1971 2069 πᾶσαι
2006 2003 2201 2068 πολέ-

176 2129 344 2190 μιαι·
409 2111 490 2175 οὐ
554 2111 681 2195 γὰρ
741 2109 914 2174 οὕτω
974 2133 1075 2185 τις
1141 2110 1432 2196 χαλαρὸν
1499 2111 1911 2197 περιβάλλει·
1977 2111 2062 2194 ἢν
2125 2107 2200 2175 δὲ

177 2220 424 2295 μᾶλλον
466 2214 691 2302 πιέσῃ,
746 2215 952 2281 πλέον
996 2218 1203 2282 κακὸν
1247 2215 1624 2302 ἐργάσεται,
1680 2215 1822 2281 ἐπεὶ
1868 2215 1979 2282 καὶ
2015 2214 2202 2300 ὑγιὲς

181 2316 292 2397 οὖς
351 2320 639 2387 ἑπιδέσει
701 2318 981 2406 πιεχθὲν
1045 2322 1383 2409 ὀδυνηρὸν
1444 2321 1554 2388 καὶ
1620 2323 2020 2405 σφυγμῶδες
2083 2321 2193 2387 καὶ
2225 2351 2277 2390 20

181 2430 548 2512 πυρετῶδες
610 2430 882 2511 γίνεται.
987 2427 1150 2514 ἀτὰρ
1223 2427 1335 2493 καὶ
1406 2426 1861 2509 ἐπιπλάσματα
1922 2428 2200 2492 κάκιστα

318 2658 344 2705 1
403 2653 484 2709 ὁκ.
544 2654 704 2708 codd.
851 2661 883 2706 2
939 2654 1194 2723 πρόσθεν
1246 2654 1460 2724 εἴρηται
1510 2653 1632 2709 MV
1776 2660 1808 2706 3
1868 2653 2200 2722 προσδέεται

185 2723 335 2779 codd.
434 2725 533 2779 τὸν
572 2723 778 2793 ἱμάντα
815 2724 961 2779 Erm.
1108 2731 1143 2777 4
1178 2728 1585 2794 προσκολλῆσαι
1621 2724 1742 2779 MV
1832 2722 2199 2793 ἀντιρροπίης

186 2791 296 2847 MV
435 2801 466 2849 5
506 2801 574 2865 κῖ
611 2796 740 2863 περὶ
777 2816 932 2864 ρινος
967 2794 1298 2866 καταγείσης
1334 2813 1436 2851 συν
1476 2795 1687 2850 ἕλκεσιν
1722 2796 1809 2849 tit.
1842 2795 1887 2847 B
1963 2794 2112 2850 ὁκόσ.
2153 2796 2199 2849 Β

284 2868 411 2920 ante
466 2885 588 2919 κατ.
636 2866 764 2920 add.
820 2874 886 2936 τῇ
939 2866 1060 2920 MV
1206 2873 1234 2919 7
1284 2869 1416 2920 ante
1452 2883 1598 2919 πισσ.
1649 2867 1776 2919 add.
1817 2862 1851 2933 ἢ
1897 2865 2018 2921 MV
2127 2868 2202 2920 ad

188 2935 421 2991 εὐαλθέα
459 2937 638 2990 adeor.
677 2937 713 2991 i.
752 2955 824 2990 m.
873 2938 1260 3005 εὐθεραπευτα
1299 2937 1372 2989 B²
1515 2942 1547 2989 8
1594 2936 1664 2990 τὰ
1699 2945 1955 2990 τοιαῦτα·
1998 2935 2202 3006 ὁμοίως

187 3001 283 3072 κῆν
308 3007 426 3062 MV
570 3013 601 3061 9
648 3007 751 3074 τήν
786 3027 846 3062 τε
874 3010 925 3062 δ.
954 3007 1076 3062 MV
1220 3013 1286 3061 10
1325 3007 1495 3062 ποιέε.
1526 3008 1685 3061 codd.
1834 3012 1897 3060 11
1937 3017 2056 3070 τοῖς
2082 3008 2128 3061 Β

187 3079 256 3146 τῷ
285 3076 365 3132 ἐπ.
394 3076 578 3150 χρόνῳ
605 3078 725 3133 MV
871 3084 935 3132 12
974 3077 1160 3150 χρεόμ.
1199 3078 1286 3131 bis
1314 3078 1435 3132 MV
1542 3077 1641 3132 τὸν
1680 3078 1741 3131 δὲ
1769 3094 1871 3147 pro
1900 3081 2096 3148 χρεώμ.
2138 3081 2201 3134 δὲ

188 3143 269 3211 ΒῙ,
319 3149 544 3217 punctis
581 3148 712 3202 incl.
751 3149 826 3202 B²
980 3154 1046 3201 13
1095 3151 1227 3218 post
1261 3149 1367 3219 γὰρ
1406 3149 1534 3202 add.
1573 3168 1661 3202 τοι
1696 3148 1780 3214 Μ,
1836 3168 1890 3202 τι
1927 3149 1978 3203 Ψ
2088 3149 2202 3203 ἐστι

187 3214 297 3270 ΜΨ
404 3226 469 3273 14
497 3217 832 3290 ἀντιρροπίη
861 3219 982 3275 ΜΨ
1084 3225 1149 3272 15
1180 3219 1308 3275 οὔτε
1335 3220 1381 3273 Β
1484 3213 1519 3291 ᾗ
1547 3236 1651 3273 om.
1683 3219 1728 3271 B
1834 3224 1899 3272 16
1930 3220 2201 3289 ἀλύπητοι

189 3284 314 3354 ΜΨ,
358 3311 440 3359 γρ.
479 3291 576 3344 καὶ
614 3291 973 3345 ἀλνπώταται
1010 3289 1045 3344 i.
1085 3309 1157 3343 m.
1196 3290 1256 3343 M
1403 3296 1467 3342 17
1515 3291 1644 3358 περὶ
1690 3290 1827 3352 ὦτος
1864 3290 2203 3360 καταγέντος

190 3355 295 3425 δὴ,
334 3359 674 3431 ἐπιδ-γέν,
707 3379 812 3415 om.
846 3366 898 3415 Γ
1039 3366 1104 3414 18
1141 3360 1464 3431 περιβάλλοι
1491 3361 1580 3426 Μ,
1619 3359 1785 3431 -βάλη
1815 3359 1881 3428 Ψ,
1922 3359 2082 3433 <ἄν>
2119 3379 2204 3419 τις

191 3445 234 3493 χ,
269 3431 585 3502 περιβάλλοι
620 3432 767 3486 Erm.
927 3437 992 3484 19
1038 3430 1197 3500 πιέζη
1233 3431 1355 3485 ΜΨ
1461 3434 1654 3485 πλεῖον
1690 3431 1736 3482 Β
1881 3437 1949 3483 20
1988 3428 2203 3484 ἐπιδέσι

192 3495 282 3564 ΒῙ,
327 3517 432 3555 -σει
467 3502 542 3554 13⁸
658 3505 1058 3577 σφυγματῶδες
1093 3487 1212 3556 MV
1358 3507 1421 3553 21
1472 3504 1604 3554 anize
1641 3501 1820 3554 ἐπιπλ.
1871 3501 1997 3552 add.
2037 3496 2107 3550 τὰ
2143 3498 2201 3548 Μ

289 3597 623 3641 HmPooBA‘ms
651 3600 714 3639 Π.
1818 3592 1844 3636 1
1856 3591 1881 3637 1
