2588 3876
287 153 418 217 226
743 155 915 204 ΠΕΡΙ
949 152 1241 205 ΑΡΘΡΩΝ
1276 153 1639 203 ΕΜΒΟΛΗΣ
1678 155 1760 202 70.
1795 155 1859 203 71

286 318 409 399 τὴν
455 313 848 400 διῃρμένην,
894 315 1318 397 παραστάντα
1364 312 1579 396 ὀρθὸν
1623 313 1801 395 παρὰ
1845 312 1920 375 τὸ
1967 322 2155 393 σῶμα
2203 319 2339 375 τοῦ

287 420 699 506 κρεμαμένου
745 419 1053 503 ἐξαπίνης
1097 417 1659 503 ἑκκρεμασθέντα,
1705 416 2038 502 μετέωρον
2084 419 2339 502 αἰωρη-

287 535 495 611 θῆναι
552 527 640 603 ὡς
696 526 1247 611 ἰσορροπώτατον.
1351 524 1516 607 αὕτη
1578 524 1617 607 ἡ
1675 522 1920 607 ἐμβολὴ
1974 523 2338 608 παρέχεται

286 635 501 698 πάντα
561 634 684 698 ὅσα
744 633 867 717 χρὴ
935 632 1100 695 κατὰ
1159 631 1399 714 φύσιν·
1466 630 1628 694 αὐτό
1696 653 1766 693 τε
1826 631 1952 714 γὰρ
2007 631 2080 694 τὸ
2134 641 2338 711 σῶμα

236 762 260 802 s
288 740 700 825 κρεμάμενον
743 744 835 824 τῷ
883 734 1132 801 ἑωυτοῦ
1179 737 1371 820 βάρει
1417 736 1775 800 κατάτασιν
1818 746 2129 819 ποιεῖται,
2177 735 2214 801 ὅ
2255 759 2338 800 τε

288 844 758 930 ἐκκρεμασθεὶς
785 845 917 926 ἅμα
943 844 1068 927 μὲν
1093 851 1171 928 τῇ
1201 843 1547 907 κατατάσει
1577 840 1924 924 ἀναγκάζει
1951 841 2284 926 ὑπεραιω-
2324 840 2333 929 Ι

181 966 285 1014 292
308 957 575 1036 ρεῖσθαι
638 952 759 1033 τὴν
821 949 1117 1032 κεφαλὴν
1175 957 1296 1011 τοῦ
1355 956 1573 1031 μηροῦ
1627 947 1795 1032 ὑπὲρ
1843 957 1957 1031 τῆς
2021 949 2337 1032 κοτύλης,

291 1059 422 1138 ἅμα
459 1057 534 1121 δὲ
569 1064 659 1143 τῷ
697 1053 900 1141 ὀστέῳ
937 1062 1056 1150 vop
1094 1056 1334 1138 πήχεος
1373 1052 1808 1139 ἀπομοχλεύει
1837 1052 1947 1117 καὶ
1976 1053 2340 1136 ἀναγκάζει

292 1161 358 1238 ές
402 1164 526 1246 τὴν
578 1161 860 1247 ἀρχαίην
914 1161 1125 1244 φύσιν
1179 1159 1584 1223 ὀλισθάνειν.
1668 1161 1791 1245 χρὴ
1848 1160 1922 1224 δὲ
1975 1162 2341 1243 παγκάλως

213 1294 264 1332 ιο
293 1270 416 1352 μὲν
468 1279 687 1332 τοῖσιν
742 1269 1090 1349 δεσμοῖσιν
1144 1264 1579 1348 ἐσκευάσθαι,
1645 1265 2018 1349 φρονέοντα
2082 1267 2156 1330 δὲ
2212 1268 2339 1331 καὶ

292 1375 381 1450 ὡς
428 1375 860 1457 ἰσχυρότατον
904 1373 1022 1436 τὸν
1069 1370 1597 1456 ἐξαιωρούμενον
1644 1363 1833 1437 εἶναι.

428 1481 530 1543 71.
588 1476 697 1555 Ὡς
733 1475 858 1562 μὲν
895 1472 1022 1542 οὖν
1058 1479 1170 1542 καὶ
1205 1480 1510 1562 πρόσθεν
1548 1484 1821 1561 εἴρηται,
1866 1478 2034 1561 μέγα
2069 1479 2143 1542 τὸ
2183 1480 2339 1543 δια-

292 1584 505 1671 φέρον
568 1583 706 1650 ἐστὶ
767 1595 903 1649 τῶν
966 1588 1233 1667 φυσίων
1294 1594 1514 1649 τοῖσιν
1576 1582 2039 1668 ἀνθρώποισιν
2112 1584 2178 1660 ἐς
2253 1588 2338 1650 τὸ

293 1689 661 1776 εὐέμβλητα
709 1686 879 1754 εἶναι
926 1691 1036 1754 καὶ
1082 1688 1532 1773 δυσέμβλητα,
1587 1690 1697 1754 καὶ
1753 1690 1922 1754 διότι
1969 1690 2136 1773 μέγα
2182 1691 2340 1755 δια-

215 1821 264 1861 15
295 1797 514 1882 φέρει,
571 1803 824 1880 εἴρηται
879 1798 1184 1881 πρόσθεν
1239 1794 1314 1860 ἐν
1369 1806 1542 1860 τοῖσι
1596 1794 1746 1880 περὶ
1803 1797 2003 1880 ὤμου.
2087 1795 2338 1862 ἐνίοισι

295 1905 419 1989 γὰρ
469 1904 505 1969 ὁ
550 1903 757 1988 μηρὸς
803 1901 1104 1985 ἐμπίπτει
1151 1900 1258 1967 ἀπ’
1318 1901 1629 1987 οὐδεμιῆς
1673 1912 2118 1987 παρασκευῆς,
2176 1902 2328 1969 ἀλλ’

293 2010 519 2093 ὀλίγης
579 2010 705 2091 μὲν
761 2009 1181 2091 κατατάσιος,
1257 2008 1420 2074 ὅσον
1482 2017 1631 2093 τῇσι
1694 2007 1880 2093 χερσὶ
1943 2016 2342 2092 κατιθῡναι,

293 2117 603 2199 βραχείης
660 2116 736 2179 δὲ
795 2117 1188 2198 κιγκλίσιος·
1257 2118 1566 2179 πολλοῖσι
1628 2111 1702 2179 δὲ
1763 2116 2191 2200 συγκάμψασι
2255 2118 2339 2182 τὸ

297 2218 528 2295 σκέλος
594 2223 758 2284 κατὰ
816 2223 891 2286 τὸ
954 2222 1219 2305 ἄρθρον
1292 2219 1604 2286 ἐνέπεσεν
1665 2222 1790 2304 ἤδη
1863 2221 2344 2306 ἀμφίσφαλσιν

219 2353 271 2392 20
299 2327 765 2409 ποιησάμενον.
839 2325 1005 2392 ἀλλὰ
1058 2328 1184 2411 γὰρ
1240 2328 1321 2391 τὰ
1376 2328 1548 2391 πολὺ
1593 2329 1795 2391 πλείω
1853 2327 1977 2391 οὐκ
2025 2327 2344 2394 ἐνακούει

297 2442 411 2515 τῆς
456 2433 784 2516 τυχούσης
832 2442 1276 2516 παρασκευῆς·
1352 2433 1463 2496 διὰ
1516 2441 1715 2498 τοῦτο
1763 2432 2160 2498 ἐπίστασθαι
2205 2436 2344 2517 μὲν

444 2664 472 2710 1
513 2663 854 2728 διηρημενην
890 2658 1051 2727 BAp.
1199 2665 1231 2710 3
1270 2660 1704 2727 ισορροπώτατα.
1757 2659 1899 2729 αὕτη
1935 2660 2038 2729 μὲν
2076 2660 2111 2730 ἡ
2152 2662 2260 2731 Ap.

300 2737 332 2783 4
369 2730 559 2784 πάντα
597 2747 701 2783 om.
743 2731 847 2798 Ap.
996 2734 1027 2781 ὅ
1065 2733 1141 2800 τῷ
1180 2729 1383 2783 ἑαυτοῦ
1422 2731 1469 2801 β.
1511 2747 1616 2783 om.
1656 2731 1759 2799 Ap.
1880 2730 2052 2786 ποιέε.
2094 2733 2259 2787 codd.

300 2806 331 2852 6
370 2801 710 2924 noeffaa‘hlg
745 2802 849 2869 Ap.
978 2805 1024 2852 6.
1060 2805 1088 2853 7
1128 2799 1489 2868 ὑπεραιωρέε.
1530 2802 1708 2867 codd„
1749 2810 1852 2855 -εἴ-’
1889 2801 1984 2855 vul
2029 2845 2038 2854 .
2153 2809 2185 2856 8
2223 2805 2342 2872 πή-

335 2890 438 2934 εως
543 2871 593 2924 V
702 2872 799 2925 καὶ
836 2870 1139 2940 ἀναγκάζει
1175 2871 1347 2924 iterat
1373 2871 1426 2924 V
1560 2877 1591 2925 9
1631 2871 1711 2935 εἰς
1745 2871 1947 2940 BMV,
2015 2895 2043 2936 ς
2080 2873 2263 2927 HKN

334 2938 578 2996 λισθαίν.
619 2942 678 2995 Μ
827 2947 893 2993 10
938 2950 1083 2995 τοῖσι
1120 2941 1240 2995 MV
1360 2942 1712 3012 δεσμοῖσι(ν’)
1750 2943 1809 2995 Μ
1915 2944 2014 2998 καὶ
2052 2961 2159 2998 om.
2198 2946 2264 2999 Μ

303 3017 368 3064 12
408 3011 589 3079 ὥσπερ
626 3012 732 3082 Ap.
843 3011 949 3080 ἤδη
989 3032 1287 3082 ειρηκαμεν
1325 3032 1480 3080 παρα
1515 3033 1578 3067 το
1615 3013 1719 3083 Ap.
1825 3019 1907 3066 12.
1941 3020 2007 3067 13
2047 3015 2343 3085 διάφορον

299 3083 344 3134 Β
458 3087 524 3134 13
560 3091 705 3137 τοῖσι
722 3082 839 3135 ΒΜ
858 3086 911 3153 (ν
932 3082 1037 3152 Μ’)
1075 3083 1536 3153 ἀνθρώποισι(νῦ
1565 3083 1624 3135 Μ
1736 3090 1801 3137 14
1830 3088 2204 3157 ευμεταβλητα
2235 3089 2345 3142 καὶ

301 3154 553 3223 δυσεμβλ.
593 3149 742 3209 εἶναι
778 3153 850 3207 τὰ
877 3153 1070 3221 ἄρθρα
1097 3154 1230 3222 Ap.‚
1269 3153 1481 3225 εὐέμβλ.
1522 3150 1670 3208 εἶναι
1698 3176 1746 3208 κ.
1778 3159 1827 3209 δ.
1857 3155 1927 3209 τὰ
1956 3156 2151 3225 ἄρθρα
2179 3157 2338 3212 Erm.

290 3224 398 3289 Pq.
512 3228 578 3274 15
624 3231 742 3284 τοῖς
776 3223 899 3276 MV
1018 3230 1082 3276 16
1123 3224 1152 3279 ὁ
1201 3242 1306 3278 om.
1347 3225 1450 3294 Ap.
1554 3242 1901 3294 κατασκευης
1936 3227 2040 3296 Ap.
2158 3234 2226 3280 17
2268 3229 2341 3285 ὃν

302 3308 404 3359 pro
443 3288 574 3345 ὅσον
610 3292 721 3344 ΒΓ
822 3295 1009 3363 χερσὶν
1050 3298 1101 3347 Γ
1250 3301 1315 3349 18
1355 3298 1439 3367 βρ.
1479 3295 1542 3351 δὲ
1577 3317 1719 3366 κιγκ.
1759 3313 1865 3349 om.
1904 3298 2010 3367 Ap.
2123 3299 2344 3369 κιγκλί-

303 3361 421 3424 ξιος
456 3360 502 3412 Β
573 3365 797 3424 πολλοῖς
824 3363 929 3430 γὰρ
960 3381 1005 3417 σ.
1037 3364 1140 3432 Ap.
1270 3371 1339 3418 20
1378 3366 1516 3420 ἀλλὰ
1544 3366 1682 3435 γὰρ.
1709 3367 1981 3437 ..ἐμβολή
2010 3373 2083 3437 (p.
2100 3375 2220 3436 227,
2246 3374 2339 3439 12)

305 3447 411 3483 om.
457 3434 506 3483 Γ
614 3433 756 3484 πολὺ
803 3448 907 3484 om.
948 3433 1053 3500 Ap.
1161 3435 1308 3489 πλέω
1345 3437 1391 3489 Β
1537 3443 1620 3490 20.
1661 3443 1725 3489 21
1774 3436 1941 3493 οὐδὲν
1989 3440 2169 3508 ἀκουη
2216 3442 2338 3496 ἀπὸ

303 3506 402 3567 τῆς
435 3500 539 3566 Ap.
651 3500 999 3555 ἔπισπασθαι
1033 3503 1078 3555 Β
