2588 3876
352 147 440 211 72
1021 148 1199 199 mm
1224 146 1489 201 Amen
1526 150 1610 199 ιε.
1642 149 1709 198 16

353 313 677 395 γίνονται,
713 306 872 375 ὥστ’
917 305 1077 375 οὐδὲ
1112 307 1475 394 μέμνηνται
1510 307 1663 395 περὶ
1697 316 1820 373 τοῦ
1849 313 2383 392 συγκαμφθῆναι

352 415 464 483 καὶ
511 416 902 500 ἀναστῆναι,
948 414 1115 480 ἀλλὰ
1158 421 1492 499 τολμῶσιν
1544 413 1621 481 ἐν
1675 416 1890 502 τούτῳ
1943 421 2036 501 τῷ
2096 416 2384 499 σχήματι

353 526 662 608 κείμενοι.
752 523 865 587 διὰ
918 516 1044 587 οὖν
1096 523 1338 599 ταύτας
1390 522 1505 599 τὰς
1557 522 1938 608 προφάσιας
1990 522 2206 606 χειρὸς
2264 518 2385 585 καὶ

353 629 619 706 σκέλεος
655 630 808 694 οὔτε
843 629 885 711 ἡ
920 629 1268 706 κατάτασις
1306 629 1459 693 οὔτε
1495 629 1536 712 ἡ
1574 627 1867 705 ἐπίδεσις
1900 636 2020 692 τοῦ
2050 629 2387 712 σχήματος

300 760 324 800 ⁶
355 735 681 821 συμφέρει
733 735 775 819 ἡ
831 735 1014 820 αὐτή.
1103 735 1189 819 ἣν
1240 731 1366 820 μὲν
1419 730 1545 800 οὖν
1596 736 1638 818 ἡ
1682 735 2032 812 κατάτασις
2087 735 2282 817 ἱκανὴ
2337 735 2386 817 ἡ

352 842 482 908 ἀπὸ
527 853 664 908 τῶν
708 841 974 927 ἀνδρῶν
1017 834 1081 929 ᾖ,
1127 837 1331 907 οὐδὲν
1378 842 1481 905 δεῖ
1523 841 1737 925 μάτην
1780 841 2136 906 ὀνεύεσθαι
2157 878 2247 887 -
2266 839 2385 905 καὶ

354 951 478 1034 γὰρ
510 942 973 1035 ’σολοικότερον
999 958 1476 1033 μηχανοποιεῑν
1502 948 1711 1032 μηδὲν
1750 946 1907 1014 δέον
1925 985 2032 1031 —‚
2053 948 2137 1032 ἢν
2176 944 2253 1012 δὲ
2289 949 2385 1031 μὴ

357 1057 547 1140 ἱκανὴ
600 1047 727 1143 <ᾗ>
771 1056 812 1139 ἡ
864 1055 1214 1131 κατάτασις
1265 1055 1308 1137 ἡ
1364 1053 1491 1118 ἀπὸ
1546 1065 1682 1119 τῶν
1736 1054 2022 1140 ἀνδρῶν,
2077 1052 2188 1118 καὶ
2244 1065 2385 1119 τῶν

245 1177 353 1225 474
373 1164 594 1228 ἄλλων
619 1163 770 1228 τινὰ
796 1159 1137 1244 ἀναγκέων
1163 1157 1606 1248 προσΙφέρειν,
1642 1161 1729 1244 ἢν
1755 1162 1907 1227 τινά
1942 1184 2017 1244 γε
2047 1170 2386 1246 προχωρῇ.

275 1293 328 1333 10
355 1268 518 1333 ὅταν
562 1264 636 1333 δὲ
691 1269 773 1352 δὴ
834 1269 1074 1345 ἱκανῶς
1126 1274 1493 1352 καταταθῇ,
1549 1267 1814 1353 ῥηίδιον
1857 1269 1983 1352 ἤδη
2037 1268 2386 1352 κατορθώ-

357 1381 607 1440 σασθαι
651 1376 732 1439 τὰ
775 1373 970 1439 ὀστέα
1012 1372 1121 1438 καὶ
1170 1373 1236 1450 ἐς
1279 1375 1403 1458 τὴν
1448 1375 1659 1458 φύσιν
1704 1373 1999 1458 ἀγαγεῖν,
2042 1383 2221 1439 τοῖσι
2265 1374 2388 1439 θέ-

357 1498 558 1567 ναρσι
601 1492 735 1546 τῶν
780 1491 1018 1565 χειρῶν
1064 1480 1539 1546 ἀπευθύνοντα
1581 1480 1692 1546 καὶ
1739 1478 2254 1564 ἐξευκρινέοντα.

495 1588 594 1652 16.
634 1587 839 1672 Ἐπὴν
876 1584 950 1653 δὲ
986 1588 1438 1672 κατορθώσῃς,
1487 1586 1744 1653 ἐπιδεῖν
1778 1598 1997 1653 τοῖσιν
2040 1586 2388 1652 ὀθονίοισι

357 1694 894 1780 κατατεταμένον,
954 1696 1039 1778 ἥν
1095 1693 1151 1759 τ’
1215 1692 1323 1758 ἐπὶ
1384 1692 1592 1778 δεξιά,
1652 1696 1738 1777 ἥν
1794 1692 1849 1759 τ’
1906 1691 2003 1758 ἐπ’
2070 1692 2387 1778 ἀριστερὰ

277 1828 329 1868 15
356 1799 744 1888 περιφέρειν
796 1800 1101 1886 συμφέρῃ
1159 1801 1420 1866 αὐτοῖσι
1474 1802 1553 1865 τὰ
1609 1812 1836 1884 πρῶτα
1890 1800 2160 1866 ὀθόνια·
2224 1800 2387 1883 βάλ-

359 1914 595 1975 λεσθαι
650 1904 724 1974 δὲ
778 1909 900 1992 τὴν
953 1906 1162 1993 ἀρχὴν
1213 1917 1334 1972 τοῦ
1390 1906 1674 1974 ὀθονιόυ
1729 1909 1892 1973 κατὰ
1936 1907 2010 1973 τὸ
2066 1907 2390 1992 κάτηγμα,

358 2015 470 2080 καὶ
515 2015 1036 2100 περιβάλλεσθαι
1080 2016 1242 2079 κατὰ
1287 2022 1486 2080 τοῦτο
1532 2016 1648 2091 τὰς
1692 2015 1955 2100 πρώτας
1998 2015 2386 2099 περιβολάς·

359 2119 468 2185 καὶ
533 2117 756 2186 ἔπειτα
818 2118 1137 2204 νέμεσθαι
1203 2119 1311 2185 ἐπὶ
1374 2122 1497 2205 τὴν
1559 2121 1695 2186 ἄνω
1758 2124 2016 2206 κνήμην
2080 2119 2387 2204 έπιδέων,

359 2227 579 2312 ὥσπερ
634 2224 745 2291 καὶ
792 2225 866 2291 ἐν
908 2237 1124 2292 τοῖσιν
1169 2229 1430 2292 ἄλλοισι
1486 2230 1897 2312 κατήγμασιν
1942 2228 2209 2312 εἴρηται.
2301 2229 2386 2292 τὰ

279 2362 333 2401 20
361 2329 435 2397 δὲ
497 2332 742 2397 ὀθόνια
802 2334 1172 2419 πλατύτερα
1233 2334 1357 2418 χρὴ
1422 2328 1593 2398 εἶναι
1657 2332 1765 2398 καὶ
1828 2336 2200 2419 μακρότερα
2272 2332 2386 2397 καὶ

359 2441 561 2505 πλείω
608 2442 780 2504 πολὺ
823 2440 906 2504 τὰ
949 2441 1111 2504 κατὰ
1156 2441 1231 2504 τὸ
1279 2438 1509 2516 σκέλος
1554 2450 1688 2505 τῶν
1732 2439 1807 2504 ἐν
1839 2450 1917 2525 τῇ
1956 2442 2144 2524 χειρί.
2217 2438 2389 2523 ἐπὴν

504 2604 531 2651 1
574 2595 708 2651 ὥστε
735 2596 855 2650 MV
927 2594 1195 2666 μέμνηται
1223 2596 1269 2648 Β
1342 2597 1493 2667 ξυγκ.
1534 2597 1713 2663 codd„
1742 2614 1786 2650 σ.
1817 2596 1964 2665 vulg.
2060 2602 2091 2649 2
2119 2594 2389 2666 τολμέωσι

360 2668 443 2735 Μ,
481 2667 803 2738 τολμέουσιν
839 2666 891 2719 V
988 2666 1191 2722 τουτέω
1227 2667 1405 2722 ΒΜΨ
1513 2673 1544 2720 3
1584 2666 1743 2731 ἐστας
1777 2668 1865 2732 B¹‚
1906 2668 1966 2721 ἐο·
2002 2668 2275 2737 expunxit
2309 2668 2389 2720 B³

468 2745 500 2791 4
539 2737 656 2793 οὔτ’
700 2738 735 2808 ἡ
766 2758 815 2792 κ.
845 2738 898 2792 v
995 2738 1127 2794 οὐδὲ
1164 2738 1199 2807 ἡ
1237 2738 1321 2793 ἐπ.
1361 2738 1481 2793 MV
1579 2745 1610 2792 ε
1639 2739 1805 2808 ξυμφ.
1836 2738 1955 2792 MV
2053 2738 2089 2807 ἡ
2118 2738 2387 2806 om.Mv‚

362 2810 423 2878 ἡι
459 2810 522 2875 Β,
560 2811 699 2879 αὐτῆ
737 2809 789 2863 V
879 2809 951 2863 ὶκ.
990 2809 1025 2879 ἡ
1064 2831 1112 2863 κ.
1144 2809 1212 2877 Ψ,
1247 2809 1433 2879 ἡκανὴ
1469 2808 1505 2879 ἡ
1539 2831 1588 2864 κ.
1627 2809 1687 2861 Μ
1795 2815 1934 2864 6-8
1964 2803 2000 2881 ᾖ
2030 2852 2039 2862 .
2074 2853 2084 2863 .
2116 2854 2125 2863 .
2157 2810 2389 2877 ἀνδρῶν

363 2897 469 2934 om.
499 2881 552 2933 V
620 2879 931 2936 πονέεσθαι
958 2881 1019 2933 Μ
1164 2886 1193 2933 '¹1
1230 2881 1363 2951 post
1398 2880 1504 2950 γὰρ
1541 2880 1670 2934 add.
1709 2881 1807 2934 καὶ
1834 2880 1879 2933 Β
1952 2879 2389 2952 μηχανοποιέειν

365 2951 524 3005 codd.
624 2951 806 3021 μηθὲν
842 2951 960 3004 ΒΜ
1065 2957 1098 3004 8
1148 2943 1170 2968 ’
1210 2952 1280 3005 de
1315 2968 1442 3006 meo
1480 2951 1675 3005 addidi
1783 2958 1815 3005 9
1856 2954 1986 3005 ante
2024 2953 2136 3007 ἀνα
2213 2994 2222 3004 .
2255 2952 2387 3006 add.

363 3031 474 3078 τῶν
503 3022 621 3076 MV
693 3019 1019 3092 ἀναγκαίων
1047 2973 1225 3089 οοᾶἔί.,
1253 3021 1390 3078 -έων
1418 3023 1550 3076 Lifflz.
1649 3021 1973 3094 προσχωρέῃ
2003 3022 2119 3076 ΒΜ
2182 3065 2196 3089 ‚
2225 3041 2334 3092 προ
2375 3067 2388 3077 .

364 3093 414 3146 D
453 3092 638 3148 Charta.
677 3094 824 3147 Erm.
972 3098 1038 3145 10
1076 3090 1186 3147 ἔστ’
1230 3091 1304 3149 ἂν
1338 3111 1442 3164 pro
1489 3092 1624 3148 ὅταν
1659 3094 1711 3148 V
1855 3098 2264 3162 κατορθοῦσθαι
2374 3138 2388 3161 ,

364 3168 647 3219 -θοῦσθαι
675 3164 727 3218 V
809 3169 875 3217 12
904 3161 1134 3234 χειρέων
1160 3164 1337 3219 ΒΜΨ
1408 3164 1643 3220 &amba
1673 3165 1719 3217 Β
1808 3170 1874 3218 13
1903 3167 2237 3233 κατορθώσῃ
2267 3165 2390 3218 ΜΨ

361 3244 507 3290 τοῖσι
534 3235 595 3288 Μ
687 3240 753 3288 14
789 3232 1202 3303 κατατεταμένα
1229 3235 1281 3289 V
1383 3241 1448 3289 15
1478 3236 1644 3305 ξυμφ.
1675 3236 1834 3289 codd.
1939 3235 2188 3291 αὐτέοισι
2224 3235 2388 3290 codd.

436 3305 723 3377 βαλλέσθω
761 3305 880 3359 MV
955 3311 1021 3358 16
1054 3314 1156 3359 τοῦ
1194 3305 1286 3360 ὀθ.
1327 3324 1432 3360 om.
1462 3306 1582 3360 MV
1687 3306 1833 3361 κατὰ
1867 3307 2036 3377 vulg„
2073 3324 2180 3362 om.
2209 3307 2391 3362 BMV

476 3382 542 3431 17
580 3395 707 3444 περι
744 3374 996 3430 αλλέσθω
1033 3376 1154 3429 MV
1276 3383 1343 3431 18
1380 3376 1618 3432 κᾶπειτα
1654 3376 1905 3447 νεμέσθω
1943 3378 2063 3433 MV
2187 3383 2252 3432 19
2290 3379 2390 3432 καὶ

366 3466 473 3503 om.
502 3447 622 3501 MV
765 3449 786 3501 2
811 3464 914 3516 pro
943 3446 1004 3503 ἐν
1031 3447 1153 3501 MV
1221 3456 1368 3501 τοῖσι
1394 3448 1510 3501 ΒΜ
1635 3454 1700 3501 21
1729 3447 1875 3504 πλέω
1912 3450 2090 3504 πουλὺ
2108 3449 2229 3503 MV
2315 3449 2390 3503 τὰ

363 3520 430 3587 Β,
459 3518 604 3574 αὐτὰ
624 3517 760 3585 MV,
790 3514 862 3571 αὖ
889 3517 960 3571 τὰ
987 3518 1086 3586 Pq.
1161 3522 1379 3582 σκελεος
1394 3518 1483 3585 B1,
1512 3521 1648 3573 mut.
1667 3519 1730 3573 in
1758 3519 1947 3584 σκέλος
1962 3519 2038 3573 B⁸
2105 3528 2174 3591 τῇ
2213 3537 2317 3574 om.
2339 3521 2387 3574 B
