2588 3876
523 148 698 199 ΠΕΡΙ
733 148 877 199 ΤΩΝ
915 149 1012 198 EN
1048 149 1383 200 ΚΕΦΑΑΙΠ
1417 148 1808 200 ΤΡΩΜΑΤΩΝ
1848 152 1929 201 18.
1962 153 2028 200 19
2198 149 2283 212 25

255 306 494 372 ὀστέον
539 309 648 373 καὶ
695 308 810 393 [εἰ]
855 308 1225 392 πέφλασται
1268 309 1311 392 ἢ
1356 318 1610 391 μοῦνον
1653 309 2023 394 πέφλασται
2071 312 2181 376 καὶ
2226 313 2286 376 εἰ

256 413 455 500 ἕδρης
499 414 856 499 γενομένης
901 423 1020 481 τοῦ
1066 415 1292 499 βέλεος
1335 418 1650 502 πρόσεστι
1695 416 1937 500 φλάσις
1978 416 2022 500 ἢ
2059 417 2284 502 ῥωγμὴ

256 519 300 602 ἢ
347 522 544 605 ἄμφω
592 530 821 586 ταῦτα·
869 522 977 586 καὶ
1021 525 1107 606 ἤν
1151 546 1216 587 τι
1260 523 1519 588 τούτων
1560 525 1864 608 πεπόνθῃ
1911 524 1987 588 τὸ
2034 523 2285 607 ὀστέον,

256 626 530 710 ἀφεῖναι
576 638 694 693 τοῦ
742 629 1012 710 αἵματος
1054 640 1406 712 τρυπῶντα
1449 631 1524 694 τὸ
1571 628 1803 695 ὀστέον
1847 638 2098 718 σμικρῷ
2132 654 2285 716 τρυ-

254 734 443 822 πάνω
511 737 1020 818 φυλασσόμενον
1083 734 1181 798 ἐπ’
1243 734 1498 818 ὀλίγον·
1565 739 1957 822 λεπτότερον
2015 738 2140 822 γὰρ
2208 738 2282 801 τὸ
2339 762 2363 803 5

255 839 493 923 ὀστέον
519 842 629 905 καὶ
654 839 1192 927 ἐπιπολαιότερον
1218 852 1354 907 τῶν
1379 841 1550 907 νέων
1577 841 1617 925 ἢ
1647 853 1781 907 τῶν
1802 841 2283 929 πρεσβυτέρων.

397 946 496 1011 19.
546 944 767 1023 Ὅστις
812 948 886 1013 δὲ
928 947 1149 1029 μέλλει
1196 947 1269 1013 ε’κ
1313 950 1673 1033 τρωμάτων
1717 946 1791 1013 ἐν
1834 954 2084 1036 κεφαλῇ
2131 949 2284 1014 ἀπο-

254 1051 583 1140 θνῄσκειν
620 1055 730 1119 καὶ
771 1054 779 1138 Ι
826 1055 914 1138 μὴ
960 1055 1250 1120 δυνατὸν
1296 1055 1503 1120 αὐτὸν
1546 1055 1706 1138 ὑγιᾶ
1742 1054 2059 1138 γενέσθαι
2094 1057 2257 1139 μηδὲ
2287 1077 2388 1124 252

256 1166 593 1243 σωθῆναι,
653 1158 724 1224 ἐκ
781 1161 990 1226 τῶνδε
1048 1173 1183 1226 τῶν
1237 1164 1524 1246 σημείων
1577 1163 1700 1247 χρὴ
1754 1162 1875 1245 τὴν
1919 1162 2285 1244 διάγνωσιν

251 1272 598 1333 ποιεῖσθαι
656 1275 775 1331 τοῦ
832 1266 1186 1348 μέλλοντος
1248 1264 1702 1356 ἀποθνῄσκειν
1763 1269 1874 1333 καὶ
1934 1267 2283 1354 προλέγειν
2310 1296 2363 1335 1ο

254 1374 330 1437 τὸ
368 1371 613 1456 μέλλον
649 1370 949 1438 ἔσεσθαι·
989 1374 1223 1458 πάσχει
1260 1376 1387 1460 γὰρ
1422 1376 1604 1440 τάδε·
1642 1374 1883 1440 ὁκόταν
1917 1398 2017 1451 τις
2051 1373 2284 1440 ὀστέον

255 1480 571 1562 κατεηγὸς
610 1478 655 1563 ἢ
704 1477 993 1566 ε’ρρωγὸς
1031 1479 1072 1562 ἢ
1110 1479 1577 1564 πεφλασμένον
1612 1480 1652 1564 ἢ
1692 1482 1820 1569 ὅτῳ
1858 1490 2027 1564 γοῦν
2060 1483 2281 1569 τρόπῳ

254 1586 573 1669 κατεηγὸς
627 1583 946 1669 ἐννοήσας
999 1586 1250 1671 ἁμάρτῃ
1307 1588 1415 1651 καὶ
1463 1588 1624 1670 μήτε
1669 1585 1831 1672 ξύσῃ
1875 1589 2036 1671 μήτε
2078 1591 2280 1673 πρίσῃ

252 1692 416 1775 μήτε
464 1693 800 1774 δεόμενον,
853 1694 1015 1775 μήτε
1060 1693 1135 1758 δὲ
1180 1693 1268 1769 ὡς
1318 1690 1540 1776 ὑγιέος
1595 1691 1817 1769 ἐόντος
1860 1702 1979 1759 τοῦ
2026 1692 2283 1777 ὀστέου,

253 1799 383 1883 πρὸ
432 1809 566 1863 τῶν
610 1800 1199 1884 τεσσαρεσκαίδεκα
1244 1798 1541 1885 ἡμερέων
1584 1800 1865 1885 πυρετὸς
1902 1799 2280 1882 ἐπιλήψεται
2310 1827 2360 1868 15

254 1904 344 1982 ὡς
389 1902 496 1970 ἐπὶ
541 1907 712 1971 πολὺ
762 1903 834 1971 ἐν
879 1917 1175 1991 χειμῶνι·
1241 1905 1316 1972 έν
1369 1906 1443 1972 δὲ
1498 1905 1647 1995 [τῷ]
1704 1905 1891 1993 θέρει
1948 1907 2110 1988 μετὰ
2166 1908 2282 1985 τὰς

252 2010 416 2078 ἑπτὰ
451 2011 692 2099 ἡμέρας
736 2012 772 2078 ὁ
809 2014 1091 2099 πυρετὸς
1126 2012 1571 2097 ἐπιλαμβάνει.
1634 2015 1743 2078 καὶ
1782 2012 2049 2080 ἐπειδὰν
2081 2023 2279 2080 τοῦτο

251 2117 552 2201 γένηται,
611 2119 684 2183 τὸ
740 2117 928 2195 ἕλκος
972 2120 1216 2206 ἄχροον
1267 2123 1522 2202 γίνεται
1580 2122 1688 2185 καὶ
1744 2119 1809 2199 ἐξ
1856 2120 2062 2186 αὐτοῦ
2121 2122 2278 2207 ἰχὼρ

253 2225 358 2309 ῥεῖ
414 2225 686 2310 σμικρὸς
738 2226 847 2289 καὶ
901 2225 975 2290 τὸ
1032 2231 1442 2308 φλεγμαῖνον
1497 2224 1891 2311 ἐκτέθνηκεν
1950 2225 2015 2306 ἐξ
2071 2229 2277 2294 αὐτοῦ

251 2331 364 2396 καὶ
418 2332 735 2415 βλιχῶδες
798 2334 1051 2414 γίνεται
1108 2329 1116 2418 Ι
1184 2333 1293 2397 καὶ
1349 2335 1655 2416 φαίνεται
1710 2333 1925 2418 ὥσπερ
1981 2333 2245 2419 τάριχος
2281 2354 2384 2403 254

251 2437 487 2522 χροιὴν
531 2439 811 2522 πυρρόν,
865 2436 1248 2521 ὑποπέλιον,
1304 2439 1412 2504 καὶ
1456 2440 1531 2504 τὸ
1579 2438 1811 2504 ὀστέον
1864 2444 2279 2523 σφακελίζειν
2305 2468 2356 2507 21

250 2551 613 2627 τηνικαῦτα
667 2544 932 2629 ἄρχεται
994 2545 1102 2609 καὶ
1158 2548 1412 2627 γίνεται
1473 2548 1780 2631 περκνόν,
1845 2547 2083 2611 λευκὸν
2147 2545 2277 2630 ε’όν,

399 2758 426 2806 1
482 2751 533 2807 εἰ
582 2753 1495 2823 ᾶθΙ.Ε1·111.Β,11ᾱ.8ηδὲ
1546 2755 1733 2823 codd.
1784 2755 1924 2825 μηδὲ
1971 2755 2131 2809 Lind.

251 2829 321 2877 10
360 2821 657 2878 ποιέεσθαι
694 2825 854 2878 codd
985 2831 1047 2878 11
1087 2823 1215 2880 τόδε
1252 2755 1380 2880 MN
1448 2825 1536 2880 ὁπ.
1578 2826 1735 2880 codd.
1784 2775 1903 2889 μτίς
1938 2826 1989 2880 V
2113 2832 2177 2881 12
2216 2825 2269 2897 γ’

248 2890 357 2951 οὖν
395 2893 446 2947 V
594 2900 658 2948 13
697 2898 829 2949 ante
867 2895 980 2951 ἐνν.
1021 2895 1431 2965 αᾶᾶψὴᾙίῢὺ.
1468 2896 1631 2964 Em„
1671 2897 1952 2967 ἀγνοήσας
1986 2897 2129 2951 th.

251 2972 321 3019 14
360 2964 494 3034 μήτε
531 2984 623 3034 πρ.
665 2964 815 3036 δεόμ.
915 2970 1023 3038 εθῇ
1061 2966 1123 3022 δὲ
1160 2968 1292 3021 Litt.
1332 2968 1478 3021 Erm
1516 2940 1660 3022 th
1772 2966 1934 3032 ὄντος
1971 2969 2129 3022 codd

250 3037 319 3089 16
367 3037 546 3090 πουλὺ
592 3036 713 3089 ΜΝ
764 2987 917 3093 μ’έμ
965 3040 1095 3092 ante
1141 3058 1279 3109 χειμ.
1321 3056 1424 3092 om.
1462 3039 1524 3092 M
1662 3044 1737 3111 τῷ
1784 3040 1904 3109 ipse
1942 3039 2148 3108 delevi,
2203 3040 2271 3095 cf.

245 3180 302 3230 p.
338 3165 386 3226 ὅ,
419 3166 450 3214 6
597 3165 663 3213 18
701 3127 963 3234 yssslvsvoec
1000 3161 1051 3214 V
1195 3168 1260 3215 19
1300 3159 1413 3232 ῥ’έει
1448 3162 1584 3230 ΜΝ,
1622 3160 1741 3233 ῥέοι
1776 3163 1843 3231 V,
1882 3164 1990 3218 scri
2032 3165 2080 3219 si
2117 3161 2207 3234 ῥεῖ

248 3236 319 3284 20
374 3235 565 3303 γλισχρ
568 3234 708 3295 ῶδες
760 3232 952 3300 codd,
1018 3235 1137 3304 βλιχ
1141 3235 1281 3297 ῶδες
1338 3233 1636 3288 Erotianus
1693 3237 1765 3305 (p.
1812 3239 1878 3289 58
1935 3251 1966 3289 e
2068 3236 2270 3306 Klein).

244 3303 404 3357 Idem
430 3302 705 3372 probatur
740 3303 811 3357 ab
844 3303 1086 3357 Archie
1057 3319 1158 3358 ene
1189 3304 1546 3375 Hippocratis
1573 3254 1750 3359 verba
1769 3278 2028 3360 imitante
2056 3306 2273 3374 (Oriba-

248 3374 365 3427 sius
403 3374 490 3427 ed
529 3373 902 3428 Bussemaker
937 3377 996 3428 et
1084 3375 1377 3446 aremberg
1411 3375 1502 3441 IV,
1535 3379 1658 3445 194)
1819 3383 1886 3429 22
1924 3380 2072 3432 λεῖον
2111 3376 2269 3430 codd.

244 3444 366 3512 Pq.,
404 3444 605 3500 λευκὸν
641 3445 774 3499 Litt.
814 3444 960 3498 Erm.
991 3462 1059 3499 ex
1085 3394 1377 3500 Manialdi
1399 3446 1587 3516 (Hipp.
1627 3446 1725 3500 Coi
1763 3447 2061 3515 chirurgia,
2097 3445 2267 3498 Paris,

247 3521 408 3582 1619,
436 3535 492 3586 Ρ.
516 3517 639 3585 406)
671 3517 1061 3571 emendatione
1152 3514 1218 3573 ὂν
1256 3517 1415 3571 codd.
1508 3515 1773 3586 μελανέον
1799 3533 1901 3586 Ρ1·ο
1928 3520 1973 3569 λ
2005 3516 2099 3569 ἐὸν
2125 3512 2267 3565 th.
