2588 3876
951 191 1348 243 MoxAtKON
1384 197 1433 243 4.
1463 195 1515 242 5ἱ
2098 190 2239 255 249.

212 353 484 433 μᾶλλον,
529 350 1029 432 συμβάλλουσιν
1067 347 1314 436 ἧσσον,
1360 351 1739 438 ἀστραβέες·
1801 355 1995 437 δηλοῖ
2039 349 2113 418 δὲ
2150 355 2230 418 τά

213 456 362 542 ὅρια
406 467 543 523 τῶν
595 456 892 523 ὀδόντων
943 461 1023 525 τὰ
1077 461 1214 524 ἄνω
1271 469 1445 525 τοῖσι
1500 460 1673 525 κάτω
1719 458 1857 525 κατ’
1903 458 2055 538 ἴξιν.
2144 458 2232 542 ἢν

212 558 337 630 οὖν
383 563 746 647 ἀμφότεραι
791 562 1184 631 ἐκπεσοῦσαι
1228 568 1318 650 μὴ
1374 567 1607 632 αὐτίκα
1652 565 2010 649 ἐμπέσωσι,
2062 570 2233 650 θνή-

211 686 447 736 σκουσι
493 671 826 736 δεκαταῖοι
872 665 1059 739 οὗτοι
1097 673 1378 753 μάλιστα
1413 681 1674 762 πυρετῷ
1706 683 1970 757 συνεχεῖ
1996 679 2231 759 νωθρῇ

210 798 279 841 τε
325 778 635 862 καρωσει·
693 778 757 842 οἱ
813 779 938 862 γὰρ
985 778 1147 863 μύες
1191 774 1379 844 οὗτοι
1424 789 1743 845 τοιοῦτοι·
1797 781 2045 865 γαστὴρ
2093 777 2229 844 ἐπι-
2287 805 2312 848 5

208 883 630 970 ταράσσεται,
695 884 887 967 ὀλίγα
941 886 1217 971 ἄκρητα,
1275 885 1387 951 καὶ
1442 886 1526 970 ἢν
1580 883 1892 970 ἐμέωσιν,
1956 896 2230 952 τοιαῦτα

210 988 537 1072 ἐμέουσιν.
627 990 667 1074 ἡ
716 988 775 1055 δ’
831 989 1014 1077 ἑτέρη
1074 990 1474 1078 ἀσινεστέρη.
1566 990 1809 1076 ἐμβολὴ
1856 989 1931 1057 δὲ
1975 993 2021 1080 ἡ
2064 993 2228 1076 αὐτὴ

210 1095 634 1182 ἀμφοτέρων·
694 1097 1165 1180 κατακειμένου
1230 1098 1272 1183 ἢ
1327 1098 1710 1182 καθημένου
1772 1109 1889 1183 τῆς
1941 1104 2230 1183 κεφαλῆς

209 1201 528 1287 ἐχόμενον
580 1207 1021 1289 περιλαβόντα
1073 1205 1189 1282 τὰς
1242 1206 1545 1289 γνάθους
1598 1204 1974 1292 ἀμφοτέρας
2019 1204 2231 1290 ἀμφο-

207 1309 435 1395 τέρῃσι
481 1311 711 1395 χερσὶν
753 1307 1016 1376 ἔσωθεν
1058 1310 1169 1377 καὶ
1216 1310 1498 1396 ἔξωθεν,
1552 1315 1703 1398 τρία
1758 1313 1890 1397 ἅμα
1933 1321 2228 1395 ποιῆσαι·
2260 1341 2314 1381 10

209 1411 376 1481 ὦσαι
424 1414 491 1493 ἐς
535 1416 751 1501 ὀρθὸν
794 1417 905 1485 καὶ
951 1416 1019 1494 ἐς
1073 1419 1366 1484 τούπίσω
1412 1417 1523 1484 καὶ
1569 1430 1843 1504 συσχεῖν
1886 1420 1961 1484 τὸ
2009 1421 2230 1500 στόμα.

211 1523 407 1606 ἴησις·
477 1524 854 1608 μαλάγμασι
908 1522 1020 1590 καὶ
1076 1528 1359 1609 σχήμασι
1412 1523 1522 1591 καὶ
1577 1525 1898 1610 ἀναλήψει
1942 1529 2230 1609 γενείου·

210 1639 483 1696 ποιοῦσι
527 1630 732 1695 ταύτὰ
775 1639 856 1717 τῇ
902 1629 1167 1718 ἐμβολῇ.
1316 1717 1320 1721 ⁴

342 1734 403 1800 5.
456 1728 657 1821 Ὦμος
701 1733 774 1802 δὲ
820 1736 1114 1803 ἐκπίπτει
1150 1738 1352 1804 κάτω·
1400 1739 1561 1824 ἄλλῃ
1610 1739 1684 1804 δὲ
1730 1739 1914 1805 οὔπω
1950 1740 2231 1822 ἤκουσα·

208 1845 395 1908 δοκεῖ
437 1839 561 1924 μὲν
605 1845 731 1928 γὰρ
779 1842 846 1920 ἐς
890 1846 1362 1931 τοῦμπροσθεν
1406 1843 1773 1928 ἐκπίπτειν,
1819 1839 1916 1910 ὧν
1961 1846 2030 1910 αἱ
2075 1846 2231 1930 σάρ-
2261 1873 2313 1914 15

207 1974 317 2027 κες
364 1951 432 2015 αἱ
477 1952 628 2033 περὶ
672 1952 747 2016 τὸ
794 1953 1056 2037 ἄρθρον
1100 1954 1593 2038 μεμινυθήκασι
1640 1954 1754 2018 διὰ
1797 1954 1920 2036 τὴν
1965 1954 2231 2036 φθίσιν,

209 2048 360 2123 οἷον
422 2055 533 2122 καὶ
595 2059 795 2141 βουσὶ
858 2071 1177 2144 χειμῶνος
1240 2062 1548 2144 φαίνεται
1612 2060 1723 2125 διὰ
1772 2057 1782 2146 Ι
1839 2061 2211 2143 λεπτότητα.
2233 2078 2338 2127 350

206 2164 319 2229 καὶ
367 2162 659 2229 ἐκπίπτει
712 2169 970 2249 μᾶλλον
1031 2176 1205 2232 τοῖσι
1251 2162 1383 2250 [δὲ]
1430 2171 1769 2233 λεπτοῖσιν
1812 2165 1854 2249 ἢ
1903 2167 2233 2251 ἰσχνοῖσιν

206 2271 248 2355 ἢ
297 2268 553 2356 ξηροῖσι
598 2272 709 2336 καὶ
753 2282 892 2349 τοῖς
935 2272 1323 2358 ὑγράσματα
1375 2271 1526 2359 περὶ
1571 2274 1651 2337 τά
1696 2275 1918 2359 ἄρθρα
1961 2269 2233 2357 ἔχουσιν

208 2378 376 2442 ἄνευ
420 2381 821 2461 φλεγμονῆς·
883 2378 1046 2461 αὕτη
1092 2381 1217 2464 γὰρ
1266 2381 1515 2445 συνδεῖ.
1598 2381 1661 2444 οἱ
1718 2376 1791 2444 δὲ
1837 2378 1948 2445 καὶ
1992 2381 2233 2464 βουσὶν
2260 2383 2316 2447 zi)

210 2480 648 2567 ἐμβάλλοντες
692 2485 803 2549 καὶ
848 2484 1388 2571 ἀποπερονῶντες
1433 2484 1951 2572 ἐξαμαρτάνουσι
1986 2486 2096 2551 καὶ
2133 2486 2232 2550 ὅτι

212 2590 325 2660 διὰ
371 2590 494 2673 τὴν
538 2598 777 2676 χρῆσιν
821 2591 911 2669 ὡς
956 2600 1188 2678 χρῆται
1233 2596 1399 2677 βοῦς
1444 2591 1660 2658 σκέλει
1707 2595 1922 2676 λήθει,
1975 2590 2086 2657 καὶ
2133 2593 2232 2657 ὅτι

211 2696 443 2762 κοινὸν
499 2694 611 2761 καὶ
671 2696 1006 2787 ἀνθρώπω
1062 2697 1273 2775 οὕτως
1322 2701 1554 2782 ,ἔχοντι
1611 2700 1685 2764 τὸ
1742 2708 1956 2783 σχῆμα
2008 2707 2230 2764 τοῦτο·

213 2804 288 2866 τό
333 2825 403 2866 τε
441 2799 784 2888 Ὁμήρειον
840 2801 950 2869 καὶ
1007 2805 1180 2869 διότι
1236 2807 1619 2870 λεπτότατοι
1663 2807 1813 2887 βόες
1857 2813 2231 2890 τηνικαῦτα.

355 3000 387 3046 2
425 2992 657 3063 κάτηξιν
685 2994 744 3047 Μ
854 3000 885 3047 3
916 2994 1218 3051 ἐκπέσωσιν
1246 2996 1307 3049 Μ
1413 3003 1447 3050 4
1476 2996 1622 3067 ξεχεῖ
1644 2997 1704 3050 M
1812 3002 1844 3052 5
1879 3016 1938 3052 τε
1967 3014 2073 3051 om.
2102 2998 2162 3052 M

213 3068 245 3116 6
284 3063 480 3133 ἐμέωσι
516 3064 683 3135 vulg„
723 3085 780 3119 -ν
814 3065 875 3118 Μ
979 3066 1050 3121 τὰ
1083 3086 1128 3121 τ.
1168 3068 1337 3137 vulg„
1372 3068 1444 3122 τὰ
1482 3085 1586 3123 om.
1618 3068 1678 3121 Μ
1784 3073 1816 3121 8
1853 3071 1985 3136 post
2017 3073 2230 3139 καθημ.

212 3135 341 3191 add.
369 3144 471 3191 τοῦ
498 3137 813 3204 ἀνθρώπου
839 3136 1014 3207 vulg„
1053 3155 1160 3192 om.
1198 3138 1259 3191 M
1369 3144 1435 3193 10
1469 3140 1623 3210 χερσὶ
1647 3139 1708 3192 Μ
1777 3138 2023 3209 τρίαμμα
2052 3140 2230 3206 codd„

210 3202 341 3274 τρία
377 3206 493 3275 ἅμα
529 3208 668 3262 Foes
706 3207 766 3261 in
801 3208 951 3261 notis
1062 3214 1125 3262 11
1166 3208 1340 3279 στόμα
1368 3210 1452 3276 Μ,
1490 3218 1644 3280 σῶμα
1680 3209 1828 3279 vulg.
1954 3217 2019 3264 13
2055 3219 2234 3265 ταῦτα

212 3277 381 3347 vulg„
408 3278 479 3332 τὰ
507 3279 650 3333 αὐτὰ
670 3278 803 3333 Litt.
907 3284 972 3333 15
1002 3277 1189 3334 δοκέει
1208 3280 1369 3335 codd.
1473 3287 1538 3334 16
1569 3281 1742 3349 φύσιν
1761 3282 1940 3348 codd„
1970 3286 2076 3350 φθ.
2096 3281 2230 3337 Litt.

217 3349 509 3409 conferens
545 3368 603 3404 π.
643 3350 777 3417 ἄρθ.
819 3349 933 3421 ἐμβ.
975 3367 1020 3404 ο.
1054 3356 1082 3403 1
1231 3357 1297 3404 17
1345 3352 1477 3405 ante
1513 3352 1675 3423 βουσὶ
1711 3352 1839 3407 add.
1876 3362 2021 3407 τοῖσι
2063 3352 2231 3422 vulg„

214 3437 320 3474 om.
359 3419 420 3473 M
456 3462 461 3468 .
529 3425 595 3473 18
633 3422 695 3475 δὲ
733 3420 855 3489 ipse
881 3422 1041 3476 uncis
1068 3421 1272 3475 inclusi
1380 3425 1626 3478 λεπτοῖσι
1650 3423 1710 3476 Μ
1820 3429 1885 3477 19
1922 3433 2042 3487 τοῖς
2075 3425 2127 3478 ὑ.
2154 3424 2232 3489 M,

210 3499 390 3546 τοῖσιν
427 3492 477 3545 ὑ.
519 3493 621 3545 cet.
768 3497 837 3547 20
874 3491 1017 3563 αὕτη
1052 3492 1188 3559 KU,
1228 3493 1370 3562 αὐτὴ
1406 3493 1466 3545 Μ
1502 3492 1600 3548 rel.
1710 3492 2015 3549 συνδίοιδε·
2055 3495 2153 3548 καὶ
2180 3496 2244 3565 β.-

215 3562 395 3629 codd„
435 3578 571 3616 corr.
611 3561 746 3616 Litt.
892 3569 961 3617 24
1000 3563 1262 3634 ὁμήρειον
1298 3563 1687 3631 DFHIJKU‚
1727 3562 1960 3633 ὁμήριον
1996 3564 2056 3617 Μ
