2588 3876
908 126 1306 177 MOXAIKON
1343 128 1408 177 37
1417 164 1426 175 .
1458 128 1525 177 38
2095 122 2225 187 267

207 287 597 353 ἆπαλύνειν·
644 286 913 371 ἡσυχίῃ,
952 296 1129 372 σιγῇ·
1196 289 1519 370 σχήματα,
1565 290 1810 370 κοιλίη,
1848 286 2228 373 ἀφροδίσια.

206 394 370 478 ἀτὰρ
417 386 518 471 οἷς
554 395 827 477 ἄναιμα,
876 392 1354 479 ἐπωδυνώτερα
1398 405 1535 459 τῶν
1569 393 2083 477 καταγνυμένων
2118 395 2230 475 καὶ

208 501 889 587 φιλυποστροφώτερα
961 503 1320 586 χρόνοισιν.
1422 492 1556 566 οἷσι
1631 501 1705 566 δὲ
1776 504 2229 566 καταλείπεται

202 607 528 690 μυξῶδες,
592 607 1075 691 ὑπομιμνήσκει
1131 605 1207 672 ἐν
1268 610 1593 673 πόνοισιν.
1700 614 1898 692 ἴησις·
1976 616 2229 689 καῦσις,

208 724 382 780 τοῖσι
427 710 551 798 μὲν
597 712 705 779 ἀπ’
761 713 1026 798 ὀστέου,
1071 713 1262 801 μέχρι
1299 724 1421 779 τοῦ
1467 713 1734 797 ὀστέου,
1779 716 1867 798 μὴ
1915 715 2076 779 αὐτὸ
2126 713 2230 778 δέ·
2285 738 2310 778 5

211 821 296 906 ἢν
333 816 408 886 δὲ
443 819 716 904 μεταξύ,
752 822 840 905 μὴ
878 820 1118 906 πέρην,
1164 821 1331 905 μηδὲ
1366 818 1701 904 ἐπιπολῆς·
1764 824 2231 905 σφακελισμός·

202 928 316 992 καὶ
366 928 446 992 τὰ
491 923 740 1012 ἔμμοτα
792 934 1169 1013 πειρᾶσθαι.
1244 930 1571 1015 εἰρήσεται
1614 927 1871 993 ἅπαντα
1921 929 2002 993 τὰ
2046 926 2233 993 ἐπεσ-

201 1037 412 1099 ιόντα.
487 1032 712 1120 ὁρατά,
742 1036 964 1117 λόγοις
1001 1030 1074 1099 δὲ
1101 1036 1221 1117 μή,
1256 1036 1588 1121 βρώματα,
1626 1037 1911 1119 πόματα,
1948 1034 2229 1117 θάλπος,

206 1151 451 1226 ψῦχος,
499 1149 742 1225 σχῆμα,
790 1141 890 1206 ὅτι
935 1139 1045 1206 καὶ
1094 1142 1435 1226 φάρμακα,
1490 1143 1571 1206 τὰ
1614 1138 1737 1224 μὲν
1783 1139 1979 1226 ξηρά,
2033 1142 2113 1206 τὰ
2159 1142 2234 1206 δὲ

201 1247 409 1333 ὑγρά,
468 1248 549 1311 τὰ
594 1247 668 1312 δὲ
713 1249 965 1333 πυρρά,
1024 1250 1105 1313 τὰ
1151 1245 1224 1313 δὲ
1268 1246 1547 1332 μέλανα,
1607 1250 1687 1313 τὰ
1743 1244 1817 1313 δὲ
1854 1241 2091 1330 λευκά,
2152 1247 2232 1311 τὰ
2262 1274 2315 1312 10

202 1355 283 1420 δὲ
330 1354 668 1439 στρυφνά,
715 1352 821 1419 ἐπὶ
868 1353 1051 1439 ἕλκη,
1099 1355 1272 1420 οὕτω
1321 1353 1431 1420 καὶ
1477 1357 1741 1420 δίαιται.

343 1460 447 1525 38.
513 1463 742 1543 Νόμος
779 1459 1072 1551 ἐμβολῆς·
1103 1459 1214 1527 καὶ
1253 1463 1682 1547 διορθώσιος·
1744 1463 1928 1545 ὄνος,
1973 1463 2231 1544 μοχλός,

202 1571 609 1652 σφηνίσκος,
666 1574 840 1644 ἴπος·
897 1570 1052 1646 ὄνος
1095 1569 1218 1653 μὲν
1265 1568 1568 1652 ἀνάγειν,
1622 1569 1863 1652 μοχλὸς
1909 1567 1982 1632 δὲ
2028 1568 2234 1653 παρά-

202 1698 371 1758 γειν.
453 1675 533 1738 τὰ
597 1669 672 1738 δὲ
732 1674 1051 1758 ἐμβλητέα
1109 1675 1149 1759 ἢ
1206 1675 1579 1760 διορθωτέα
1618 1674 2073 1757 ’διαναγκάσαι
2133 1674 2237 1738 δεῖ

203 1779 615 1864 ἐκτείνοντα,
662 1779 737 1845 ἐν
782 1774 836 1868 ᾦ
875 1780 959 1845 ἂν
995 1780 1235 1846 ἕκαστα
1272 1785 1550 1864 σχήματι
1584 1779 1786 1866 μέλλῃ
1825 1781 2236 1865 ὑπεραιωρη-
2264 1804 2316 1845 15

202 1889 574 1972 θήσεσθαι·
620 1888 693 1953 τὸ
734 1886 794 1953 δ’
829 1885 1031 1971 ἐκβὰν
1068 1884 1235 1975 ὑπὲρ
1274 1888 1538 1972 τούτου,
1576 1887 1740 1954 ὅθεν
1778 1885 1990 1972 ἐξέβη·
2037 1896 2234 1953 τοῦτο

203 1991 286 2059 δὲ
331 1995 371 2079 ἢ
418 1993 645 2082 χερσὶν
690 1994 730 2079 ἢ
788 2005 1135 2083 κρεμασμῷ
1184 1996 1225 2079 ἢ
1272 1997 1534 2061 ὄνοισιν
1588 1996 1628 2080 ἢ
1682 1998 1840 2082 περί
1887 2019 1970 2060 τι.
2052 1996 2237 2081 χερσὶ

201 2101 333 2185 μὲν
393 2095 518 2167 οὖν
577 2100 802 2186 ὀρθῶς
855 2103 1019 2167 κατὰ
1072 2099 1300 2187 μέρεα·
1368 2104 1625 2189 καρπὸν
1679 2102 1754 2167 δὲ
1807 2099 1918 2166 καὶ
1973 2100 2238 2185 ἀγκῶνα

201 2208 463 2294 ἀπόχρη
530 2210 1023 2292 διαναγκάζειν,
1099 2209 1356 2293 καρπὸν
1413 2205 1538 2292 μὲν
1601 2207 1668 2285 ἐς
1734 2210 1855 2273 ἰθὺ
1920 2208 2236 2291 ἀγκῶνος,

206 2314 478 2397 ἀγκῶνα
524 2310 598 2379 δὲ
634 2313 958 2399 ἐγγώνιον
994 2316 1157 2400 πρὸς
1194 2318 1520 2401 βραχίονα
1556 2318 1822 2399 ἔχοντα,
1870 2306 2016 2380 οἷον
2062 2316 2238 2399 παρὰ
2265 2340 2318 2379 20

356 2513 387 2560 2
428 2504 501 2562 ἂν
539 2504 679 2576 αἷμα
716 2509 887 2563 ἀνωδ.
909 2508 1094 2578 vulg„
1136 2525 1239 2562 em.
1279 2508 1413 2563 Litt.
1524 2507 1798 2581 ἀνωδύνῳ
1835 2505 2080 2574 τεράτων
2106 2506 2168 2559 Μ
2212 2525 2217 2528 ’

207 2585 248 2632 4
285 2577 486 2641 πόνοις
521 2578 580 2631 Μ
725 2585 757 2633 5
803 2577 961 2651 μέχρι
1005 2588 1105 2634 τοῦ
1143 2578 1254 2634 ὀστ.
1296 2579 1379 2646 M,
1426 2578 1494 2648 μέ
1528 2599 1615 2647 ρις
1659 2578 1769 2633 ὀστ.
1819 2580 1922 2632 cet.
2034 2577 2239 2633 αὐτόδε

207 2649 275 2702 Μ
420 2654 452 2702 6
491 2650 564 2718 μὴ
602 2646 659 2704 δ’
703 2650 904 2719 ἐπολῆς
939 2651 999 2704 M
1144 2656 1192 2706 7.
1223 2657 1255 2705 8
1296 2651 1442 2705 ἐπεσ.
1541 2649 1639 2703 HJ
1647 2649 1783 2716 ΚΠ,
1822 2647 2070 2704 εἰσιόντα
2107 2647 2167 2701 Μ

210 2725 247 2774 8
288 2718 352 2774 δὲ
388 2739 424 2787 μ
499 2719 584 2787 Μ,
640 2717 698 2774 δ’
741 2722 809 2776 οὐ
845 2721 918 2791 μὴ
957 2724 1060 2776 cet.
1227 2727 1294 2775 10
1341 2721 1554 2790 πυρρά,
1611 2741 1718 2789 ρρα
1754 2721 1816 2774 in
1851 2736 1977 2774 raso
2013 2719 2140 2774 loeo
2178 2718 2239 2772 Μ

325 2795 389 2843 11
489 2810 558 2859 κη
596 2791 752 2846 Foes.
793 2793 954 2861 Litss„
992 2791 1135 2848 ἕλκει
1173 2792 1333 2848 codd.
1457 2798 1521 2846 12
1561 2791 1799 2862 ἐντωλης
1833 2793 2022 2859 διορθ.
2060 2791 2165 2860 Ap.

208 2860 348 2923 ὄνος
384 2861 546 2929 Litt„
604 2879 710 2917 om.
750 2864 880 2932 Ap.‚
938 2864 1108 2933 νόμος
1151 2864 1301 2934 vulg.
1487 2869 1552 2916 13
1610 2862 1760 2931 σφήν
1797 2863 1902 2932 Ap.
2050 2860 2237 2927 ἵππος,

207 2931 350 2994 ὄνος
386 2933 491 3001 Ap.
523 2932 724 2999 „Forte
754 2933 913 2996 ἴπος“
933 2934 1093 2989 Dietz
1113 2935 1358 3001 innotiS‚
1387 2935 1538 2989 unde
1556 2934 1689 2989 Litt.
1712 2934 1976 2988 emendat
1993 2933 2240 3003 glossam

215 3003 420 3057 Galeni
457 3003 611 3070 ἴπος,
649 3004 685 3074 ἡ
721 3004 885 3067 πόσις
923 3005 983 3059 ἐν
1020 3009 1261 3077 μοχλικῶ
1298 3007 1600 3060 restituens
1638 3004 1792 3073 ἴπος,
1832 3004 2030 3066 ἴπωσις
2066 3003 2127 3058 ἐν
2165 3025 2239 3074 μ.,

214 3073 495 3139 ὑπόσονος
529 3075 679 3146 vulg.
790 3076 1030 3147 ἀπάγειν
1066 3077 1199 3130 Litt.
1312 3077 1342 3131 ὁ
1380 3080 1532 3149 μοχλ.
1572 3077 1677 3146 Ap.
1790 3081 1872 3131 14.
1904 3080 1970 3129 15
2007 3072 2240 3131 διεκτεί-

211 3163 391 3199 νοντα
426 3146 594 3217 vulg„
643 3147 714 3216 δὴ
754 3145 1078 3203 ἐκτείναντα
1124 3148 1228 3217 Ap.
1376 3149 1437 3203 ἐν
1477 3140 1520 3223 ᾧ
1551 3148 1592 3203 ἑ.
1633 3146 1884 3218 σχήματα
1919 3144 2096 3215 μέλλει
2132 3146 2236 3215 Ap.

328 3221 408 3270 15.
441 3223 507 3271 16
545 3220 857 3288 ὑπερθεωρ.
896 3221 1001 3288 Ap.
1142 3225 1206 3273 16
1246 3215 1304 3275 δ’
1346 3237 1452 3274 om.
1491 3219 1596 3288 Ap.
1709 3219 1824 3290 ἐμβ.
1862 3219 1967 3287 Ap.
2099 3222 2163 3270 17
2206 3214 2239 3284 ἢ

211 3288 351 3340 ante
387 3306 531 3359 χερσ.
572 3307 678 3345 om.
718 3292 822 3360 Ap.
934 3289 1088 3351 ὄνοις
1123 3290 1207 3358 Μ,
1245 3310 1331 3344 -ιν
1370 3292 1474 3345 cet.
1592 3310 1646 3344 τι
1683 3291 1869 3361 χερσὶν
1906 3289 2094 3359 χερσὶν
2131 3288 2238 3356 Ap.

330 3364 396 3412 18
435 3376 578 3423 οσως
612 3382 756 3416 κατα
791 3381 920 3430 περι
956 3381 1015 3416 τε
1051 3381 1100 3415 κ.
1140 3362 1193 3416 ἀ.
1234 3362 1348 3416 ἀπὸ
1386 3381 1530 3433 χειρι
1566 3362 1765 3430 ἀναγκ.
1804 3360 1908 3428 Ap.
2018 3358 2239 3427 καρπόν

213 3448 276 3483 τε
312 3429 411 3484 καὶ
454 3432 578 3501 ἀγκ.
618 3432 677 3485 Μ
822 3438 887 3487 19
938 3441 1159 3502 καρποῦ
1205 3432 1265 3486 Μ
1391 3433 1536 3488 εὐθὺ
1581 3433 1834 3502 ἀγκωνος
1879 3432 1943 3485 δε
1990 3449 2242 3500 αγκωνος

215 3500 313 3554 ἐπι
368 3520 510 3555 ενιοι
564 3521 705 3572 προς
754 3506 1022 3576 βραχιωνι
1077 3503 1180 3573 Ap.
1367 3509 1435 3557 20
1488 3505 1619 3572 post·
1675 3503 1784 3573 ἐγγ.
1833 3501 1960 3555 add.
2009 3508 2119 3554 τῶν
2163 3500 2239 3566 Μ,
