2588 3876
629 165 805 216 ΠΕΡΙ
838 164 1130 217 ΑΡΘΡΩΝ
1186 167 1545 218 ΕΜΞΒΟΛΗΣ
1583 169 1666 219 80.
1697 169 1780 219 81.
1812 169 1879 218 82
2140 164 2270 229 241

219 326 309 409 μὴ
345 324 549 389 πάλιν
585 324 845 392 ἐκεῖθεν
882 327 1235 414 ἄπολίσθῃ.
1308 327 1710 412 ἐμβάλλουσι
1748 323 1823 392 δὲ
1859 325 2189 405 ἐπιεικέως
2228 325 2238 414 Ι

217 433 331 497 καὶ
392 433 462 497 αἱ
526 442 770 517 σαῦραι
827 435 896 499 αἱ
956 433 1028 499 ἐκ
1081 447 1216 501 τῶν
1275 438 1605 519 φοινίκων
1655 436 2080 518 πλεκόμεναι,
2139 436 2224 519 ἢν
2241 450 2348 499 320

215 542 603 626 κατατείνῃς
649 542 853 606 ἔνθεν
895 539 1006 607 καὶ
1053 543 1257 607 ἔνθεν
1301 544 1422 607 τὸν
1466 542 1825 626 δάκτυλον,
1880 544 2241 627 λαβόμενος

212 655 297 731 τῇ
355 646 478 727 μὲν
534 645 721 732 ἑτέρῃ
781 657 896 731 τῆς
953 648 1231 733 σαύρης,
1290 660 1370 734 τῇ
1431 649 1505 714 δὲ
1559 646 1746 735 ἑτέρῃ
1800 657 1921 715 τοῦ
1980 658 2238 735 καρποῦ

211 763 332 836 τῆς
377 755 607 838 χειρός.
690 754 940 820 ὁπόταν
976 755 1051 819 δὲ
1096 753 1408 841 ἐμβάλῃς,
1455 754 1709 820 ἐπιδεῖν
1754 757 1858 821 δεῖ
1902 755 2238 821 ὀθονίοισι
2278 780 2304 821 5

202 859 307 935 ’ὡς
349 860 622 945 τάχιστα
666 862 1146 945 λεπτοτάτοισι,
1201 862 1713 946 κεκηρωμένοισι
1767 872 2024 948 κηρωτῇ
2080 866 2239 947 μήτε

209 969 371 1050 λίην
405 973 713 1052 μαλθακῇ
750 971 909 1051 μήτε
948 972 1099 1050 λίην
1134 974 1413 1054 σκληρῇ,
1452 967 1618 1033 ἀλλὰ
1653 971 1928 1053 μετρίως
1966 968 2204 1055 ἐχούσῃ
2223 989 2239 1005 ·

208 1075 255 1157 ἡ
303 1073 429 1155 μὲν
481 1076 608 1159 γὰρ
664 1076 914 1159 σκληρὴ
971 1074 1340 1159 ἀφέστηκεν
1384 1074 1512 1139 ἀπὸ
1556 1083 1677 1140 τοῦ
1726 1075 2056 1140 δακτύλου
2073 1096 2089 1111 ·
2152 1076 2238 1160 ἢν

208 1177 293 1245 δὲ
346 1180 520 1265 ὑγρὴ
563 1174 635 1265 ᾖ,
692 1180 1227 1267 θερμαινομένου
1280 1190 1402 1247 τοῦ
1469 1182 1801 1247 δακτύλου
1863 1182 2238 1266 διατήκεται

205 1288 328 1352 καὶ
380 1286 763 1352 ἀπόλλυται.
861 1289 1051 1353 λύειν
1105 1285 1179 1353 δὲ
1232 1290 1497 1374 ἄρθρον
1550 1289 1883 1353 δακτύλου
1937 1299 2235 1372 τριταῖον
2263 1313 2319 1353 ιο

207 1395 254 1478 ἢ
295 1404 732 1479 τεταρταῖον.
764 1395 840 1459 τὸ
887 1390 961 1459 δὲ
1005 1395 1165 1460 ὅλον
1207 1394 1294 1478 ἢν
1330 1394 1454 1479 μὲν
1499 1398 1875 1481 φλεγμήνῃ,
1919 1397 2236 1461 πυκνότε-

207 1525 341 1587 ρον
400 1502 613 1565 λύειν·
686 1502 746 1566 εἰ
806 1502 879 1566 δὲ
938 1504 1056 1585 μή,
1120 1501 1527 1585 ἀραιότερον.
1615 1503 1779 1566 κατὰ
1835 1502 2103 1567 πάντων
2161 1503 2237 1568 δὲ

204 1618 352 1672 τῶν
396 1607 675 1692 ἄρθρων
730 1617 937 1673 ταῦτα
989 1608 1177 1692 λέγω.
1266 1612 1663 1673 καθίσταται
1710 1603 1786 1672 δὲ
1829 1617 1951 1673 τοῦ
1998 1610 2236 1674 δακτύ-

207 1719 340 1779 λου
386 1714 460 1777 τὸ
499 1715 760 1799 ἄρθρον
794 1715 1593 1799 τεσσαρεσκαιδεκαταῖον.
1675 1713 1712 1779 ὁ
1750 1714 1946 1790 αὐτὸς
1983 1714 2063 1779 δέ
2095 1714 2232 1780 ἐστι

201 1821 461 1904 τρόπος
502 1821 717 1904 χειρὸς
763 1820 1108 1885 δακτύλων
1150 1843 1221 1884 τε
1265 1821 1377 1884 καὶ
1420 1821 1625 1896 ποδὸς
1667 1822 2041 1905 θεραπείης.
2259 1843 2312 1884 15

351 1927 454 1991 81.
521 1927 719 2013 Παρὰ
763 1926 976 2003 πάσας
1023 1927 1098 1992 δὲ
1142 1927 1256 2004 τὰς
1301 1922 1443 1993 τῶν
1482 1928 1760 2014 ἄρθρων
1805 1924 2084 2011 ἐμβολὰς
2130 1928 2233 1993 δεῖ

209 2037 591 2118 ἰσχναίνειν
634 2035 745 2098 καὶ
791 2040 1218 2118 λιμαγχονεῖν
1271 2035 1423 2120 ἄχρι
1468 2033 1777 2119 ἑβδόμης,
1833 2036 1943 2100 καὶ
1996 2037 2056 2099 εἰ
2108 2035 2232 2116 μὲν

206 2143 643 2226 φλεγμαίνοι,
688 2143 1103 2226 πυκνότερον
1149 2142 1359 2224 λύειν,
1415 2142 1473 2205 εἰ
1521 2141 1595 2206 δὲ
1639 2143 1729 2224 μή
1740 2190 1759 2224 ,
1813 2140 2231 2225 ἀραιότερον·

203 2248 500 2331 ἡσυχίην
556 2244 628 2312 δὲ
685 2248 789 2312 δεῖ
842 2249 1018 2331 ἔχειν
1069 2249 1199 2312 αἰεὶ
1250 2249 1328 2312 τὸ
1382 2246 1628 2313 πονέον
1682 2249 1944 2333 ἄρθρον
1987 2246 2096 2314 καὶ
2143 2248 2231 2325 ὡς

200 2355 528 2420 κάλλιστα
573 2353 1131 2438 ἐσχηματισμένον
1175 2361 1459 2419 κεῖσθαι.
2257 2369 2312 2417 zo·

348 2461 452 2525 82.
518 2462 697 2525 Γόνυ
744 2461 818 2525 δὲ
863 2460 1308 2545 εὐηθέστερον
1352 2460 1649 2543 ἀγκῶνος
1695 2461 1807 2525 διὰ
1841 2461 1963 2543 τὴν
1999 2460 2261 2546 εὐστα-κ

202 2569 363 2652 λίην
410 2565 521 2631 καὶ
565 2568 688 2650 τὴν
731 2567 1046 2651 εὐφυίην,
1103 2568 1208 2632 διὸ
1264 2568 1376 2632 καὶ
1430 2566 1721 2632 ἐκπίπτει
1773 2567 1884 2630 καὶ
1928 2564 2229 2647 ἐμπίπτει

356 2837 384 2884 1
425 2831 707 2898 ἀπολισθῆ
746 2829 945 2897 BMV,
982 2821 1175 2899 -λίσθη
1211 2830 1267 2883 N
1393 2836 1425 2883 2
1463 2828 1524 2883 αὶ
1558 2829 1688 2899 post
1724 2837 1924 2897 σαῦραι
1964 2846 2069 2883 om.
2109 2829 2155 2881 B

204 2911 246 2958 4
283 2903 463 2971 αὔρης
498 2900 618 2954 MV
769 2906 800 2954 5
840 2899 922 2955 ὁκ.
954 2901 1111 2955 codd.
1224 2900 1494 2973 ἐμβάλλῃς
1518 2899 1638 2954 MV
1738 2897 2052 2954 ὀθονίοισιν
2080 2899 2228 2954 M'V

320 2979 349 3027 7
388 2975 556 3042 μαλθ.
597 2970 811 3040 scripsi,
849 2975 1064 3041 μαλακῇ
1103 2973 1261 3026 codd.
1372 2971 1509 3026 ἀλλὰ
1538 3014 1549 3025 .
1583 3014 1595 3025 .
1626 3014 1638 3025 .
1669 2972 1835 3040 σκληρ
1901 2973 1975 3041 (8)
2013 2986 2119 3025 om.
2150 2971 2224 3037 M,

200 3044 339 3099 add.
376 3045 416 3098 i.
443 3062 517 3098 m.
556 3043 643 3097 M²
786 3046 817 3095 9
857 3042 916 3111 ἔη
956 3043 1113 3097 codd.
1262 3048 1330 3096 10
1375 3042 1492 3097 λύει
1526 3042 1572 3094 Β
1718 3048 1781 3096 11
1863 3062 1915 3096 τι
1958 3060 2094 3097 ποτε
2141 3047 2232 3098 δεῖ

199 3117 363 3170 ,λύειν
400 3115 679 3170 δακτύλου
716 3113 938 3181 ἄρθρον
972 3113 1061 3167 tit.
1090 3114 1150 3166 M
1259 3120 1325 3168 12
1372 3111 1444 3182 ἢν
1479 3130 1581 3182 pro
1619 3113 1669 3168 εἰ
1703 3113 1764 3166 M
1872 3119 1955 3167 13.
1987 3120 2054 3166 14
2089 3112 2225 3168 πότε

203 3185 551 3241 καθίσταται
585 3185 862 3240 δακτύλου
901 3184 1123 3253 ἄρθρον
1149 3185 1238 3239 tit.
1276 3186 1313 3238 i.
1341 3203 1414 3240 m.
1454 3185 1514 3238 M
1657 3190 1722 3238 15
1759 3204 1818 3239 τε
1855 3202 1963 3239 om.
2001 3184 2121 3238 MV

209 3263 276 3310 17
325 3255 710 3327 λιμαγχονέειν
755 3255 917 3310 codd.
1036 3253 1276 3327 ἑβδόμης
1317 3256 1496 3327 vulg.‚
1548 3254 1744 3327 -μαίου
1787 3254 2081 3309 BMVHE

204 3333 278 3381 19
316 3328 409 3381 ἀεὶ
446 3328 605 3380 codd.
732 3333 801 3381 20
846 3326 1074 3381 κάλιστα
1111 3327 1157 3380 Β
1262 3325 1370 3383 κέε.
1409 3327 1569 3382 codd.
1714 3332 1779 3380 21
1826 3328 1955 3393 περὶ
1990 3324 2227 3396 γόνατος

200 3398 298 3452 tit.
337 3398 373 3451 i.
412 3415 486 3451 m.
524 3399 570 3451 B
691 3395 775 3453 ὅτι
820 3397 1191 3468 εὐηθέστερον
1234 3397 1375 3468 γόνυ
1410 3400 1661 3468 ἀγκῶνος
1694 3398 1782 3452 tit.
1820 3398 1881 3452 in
1914 3415 1989 3451 m.
2026 3397 2125 3450 inf.
2164 3397 2226 3450 M

316 3467 726 3537 εὐανθέστερον
778 3469 899 3524 MV
1040 3491 1088 3540 γ.
1141 3468 1204 3524 δὲ
1260 3470 1385 3538 ἀγκ.
1450 3470 1612 3538 εὐηθ.
1661 3468 1810 3523 ἐστιν
1860 3468 1958 3524 διὰ
2009 3469 2112 3536 Ap.

203 3545 280 3593 22
315 3539 421 3609 τὴν
447 3555 563 3593 ‘om.
601 3541 707 3608 Ap.
814 3542 913 3595 καὶ
951 3541 1073 3611 ἐμπ.
1112 3557 1218 3595 om.
1256 3539 1382 3593 MV
2208 3573 2212 3576 -

314 3638 473 3678 Htrro
476 3648 654 3679 oooooo
681 3639 743 3678 11.
1839 3631 1904 3678 16
