2588 3876
341 146 470 211 268
1097 151 1494 203 Momm<
1535 154 1602 203 38

340 319 431 400 τῷ
469 313 776 395 βραχίονι
822 312 897 376 τὸ
943 312 1073 376 ὑπὸ
1119 313 1241 396 τὴν
1287 322 1476 397 χεῖρα
1513 312 2047 395 ὑποτεινόμενον.
2122 310 2197 377 ἐν
2233 303 2378 378 οἷσι

342 418 418 483 δὲ
463 419 793 483 δακτύλου
839 420 1073 501 ποδός,
1119 422 1364 503 χειρός,
1411 428 1698 504 καρποῦ,
1744 418 2091 502 ὑβώματος
2136 420 2209 484 τὸ
2248 417 2380 497 ἔξω

343 525 779 608 διαναγκᾶσαι
827 526 930 589 δεῖ
982 526 1092 590 καὶ
1137 526 1659 609 καταναγκάσαι,
1719 527 1797 590 τὰ
1847 527 1972 607 μὲν
2022 525 2188 591 ἄλλα
2236 525 2371 590 ὑπὸ

342 643 583 717 χειρῶν
642 632 712 696 αὶ
774 632 1239 715 διαναγκάσιες
1300 634 1529 698 ἱκαναί
1533 682 1552 715 ,
1611 633 2101 716 καταναγκάσαι
2158 629 2232 697 δὲ
2292 633 2385 697 τὰ

291 764 315 803 5
342 737 750 824 ὑπερέχοντα
824 736 889 815 ἐς
963 737 1167 823 ἕδρην
1240 739 1486 825 πτέρνῃ
1561 739 1602 824 ἢ
1674 738 1915 825 θέναρι
1989 738 2101 805 ἐπί
2170 762 2379 822 τινος,

346 845 514 910 ὥστε
559 846 723 910 κατὰ
769 841 892 927 μὲν
928 847 1004 910 τὸ
1051 843 1274 930 ἐξέχον
1319 845 1717 911 ὑποκεῖσθαι
1756 847 1962 929 ὄγκον
1997 847 2383 931 σύμμετρον

344 954 724 1037 μαλθακόν,
769 954 933 1017 κατὰ
979 948 1054 1018 δὲ
1098 951 1452 1038 τὸ’ἕτερον
1484 956 1795 1038 μήστωρα
1831 954 1964 1035 ἅμα
2000 954 2125 1038 χρὴ
2163 952 2390 1018 ὠθεῖν

344 1059 556 1125 ὀπίσω
604 1060 712 1124 καὶ
757 1059 962 1143 κάτω,
1007 1061 1094 1143 ἥν
1137 1083 1209 1125 τε
1263 1062 1391 1124 ἔσω
1436 1062 1523 1144 ἥν
1568 1083 1639 1125 τε
1675 1059 1796 1137 ἔξω
1844 1058 2253 1145 ἑκπεπτώκῃ·
2295 1061 2387 1124 τὰ

345 1164 403 1231 δ’
452 1149 524 1232 ἐκ
568 1170 872 1250 πλαγίων
906 1167 987 1231 τὰ
1022 1167 1146 1249 μὲν
1182 1166 1515 1250 ἀπωθεῖν,
1561 1166 1641 1231 τὰ
1678 1162 1752 1231 δὲ
1789 1165 2123 1231 ἄντωθεῑν
2163 1166 2383 1231 ὀπίσω

264 1299 317 1337 ιο
346 1272 684 1358 ἀμφότερα
743 1274 907 1337 κατὰ
965 1273 1039 1337 τὸ
1099 1272 1347 1357 ἕτερον.
1439 1274 1520 1338 τὰ
1579 1269 1652 1338 δὲ
1697 1274 2014 1357 ὑβώματα
2060 1274 2139 1338 τὰ
2184 1273 2311 1355 μὲν
2366 1270 2374 1360 Ι

238 1395 340 1443 384
362 1377 491 1445 ἔσω
540 1381 694 1444 οὔτε
747 1387 1021 1466 πταρμῷ
1078 1381 1230 1444 οὔτε
1276 1377 1431 1464 βηχὶ
1488 1380 1642 1444 οὔτε
1696 1380 1915 1463 φύσης
1960 1378 2172 1445 ἐνέσει
2221 1380 2381 1444 οὔτε

347 1486 568 1570 σικύῃ·
624 1486 728 1549 δεῖ
773 1484 852 1550 δέ
885 1510 977 1569 τι,
1024 1485 1063 1569 ἡ
1102 1486 1522 1563 κατάστασις·
1578 1484 1620 1570 ἡ
1657 1486 1732 1550 δὲ
1770 1485 2010 1570 ἀπάτη,
2059 1486 2160 1550 ὅτι
2200 1487 2384 1551 οἴον-

344 1595 458 1656 ταί
496 1613 653 1656 ποτε
699 1587 1120 1675 καταγέντων
1178 1603 1315 1657 τῶν
1360 1591 1789 1676 σπονδύλων,
1843 1591 1953 1657 καὶ
1998 1594 2079 1657 τὰ
2127 1593 2389 1678 λορδώ-

344 1721 515 1783 ματα
561 1699 672 1762 διὰ
719 1699 850 1782 ,τὴν
904 1698 1157 1783 ὀδύνην
1220 1699 1406 1764 δοκεῖ
1459 1701 1586 1764 ἔσω
1643 1699 2117 1784 ὠλισθηκέναι·
2172 1707 2391 1764 ταῦτα
2474 1730 2483 1745 ⁴

265 1831 317 1872 15
346 1802 421 1871 δὲ
466 1807 776 1891 ταχύφυα
820 1804 930 1870 καὶ
970 1807 1210 1892 ῥηίδια.
1292 1807 1373 1870 τὰ
1411 1804 1468 1871 δ’
1515 1803 1667 1889 ἔξω,
1715 1807 2092 1890 κατάτασις,
2139 1808 2221 1870 τὰ
2258 1802 2393 1890 μὲν

347 1914 484 1979 ἅνω
533 1911 640 1978 ἐπὶ
697 1913 939 1997 πόδας,
994 1914 1073 1978 τὰ
1129 1909 1202 1978 δὲ
1258 1913 1433 1978 κάτω
1491 1911 1834 1979 τάναντία·
1895 1912 2395 1997 κατανάγκασις

347 2016 421 2084 δὲ
450 2023 581 2085 σὺν
616 2020 966 2085 κατατάσει
1002 2020 1042 2103 ἢ
1081 2017 1237 2105 ἕδρῃ
1278 2020 1320 2104 ἢ
1356 2019 1513 2085 ποδὶ
1551 2018 1592 2103 ἢ
1622 2021 1864 2085 σανίδι.
1929 2022 2009 2085 τὰ
2038 2018 2097 2084 δ’
2135 2016 2313 2085 ἔνθα
2338 2018 2387 2103 ἢ

346 2124 538 2209 ἔνθα,
576 2127 639 2191 εἴ
670 2150 770 2202 τις
798 2126 1169 2210 κατάτασις,
1206 2125 1317 2191 καὶ
1346 2128 1442 2191 ἔτι
1471 2127 1551 2192 τὰ
1581 2130 1875 2212 σχήματα
1912 2125 1987 2191 ἐν
2023 2136 2100 2212 τῇ
2140 2128 2394 2212 διαίτῃ-

491 2233 583 2297 Τὰ
630 2234 880 2317 ἄρμενα
916 2234 1131 2298 πάντα
1167 2226 1342 2298 εἶναι
1378 2233 1654 2317 πλατέα,
1697 2232 2062 2319 προσηνέα,
2113 2234 2395 2319 ἰσχυροῢ

346 2426 447 2480 τὸν
485 2426 588 2479 cet.
602 2426 616 2436 '
641 2425 801 2479 codd.
973 2444 1028 2495 p.
1078 2431 1208 2492 267,
1248 2431 1318 2479 20
1367 2426 1442 2497 ἔχ.
1498 2427 1629 2494 περὶ
1673 2434 1829 2480 τοῖον
1883 2426 1947 2480 τὸ
1992 2446 2070 2499 τῳ
2115 2423 2395 2515 βραχίονι

346 2497 410 2551 τὸ
465 2497 577 2551 ὑπὸ
631 2517 676 2551 τ.
733 2519 782 2569 χ.
840 2495 1276 2566 ἀποτεινόμενον
1327 2497 1432 2550 Α.
1587 2498 1716 2563 περὶ
1767 2497 1956 2564 codd„
2013 2480 2172 2564 παρὰ
2228 2496 2391 2567 vulg-

492 2574 521 2621 1
551 2567 613 2622 τὸ
641 2585 743 2637 pro
762 2572 839 2641 τῷ
858 2568 917 2621 Μ
1007 2565 1093 2630 οἷς
1117 2584 1220 2637 pro
1250 2568 1311 2623 ἐν
1339 2588 1370 2622 ο
1398 2585 1452 2622 σι
1470 2569 1575 2637 Ap.
1669 2574 1700 2621 2
1730 2568 2040 2630 δακτύλους
2068 2568 2251 2634 codd,

347 2640 452 2707 Ap.
492 2638 624 2694 Litt.
760 2623 945 2710 χειρὸς
979 2639 1157 2701 ποδὸς
1192 2640 1299 2708 Ap
1438 2641 1637 2711 ὑβλώμ.
1677 2639 1736 2692 Μ
1870 2641 2001 2708 post
2036 2640 2121 2710 ὑβ.
2154 2639 2284 2693 add.
2325 2639 2399 2701 ἐς

348 2710 600 2765 Schoene
689 2712 821 2779 post
847 2710 949 2776 ἔξω
987 2711 1117 2765 add.
1146 2718 1323 2765 ταῦτα
1353 2710 1525 2800 ΜΑΡ.
1637 2716 1669 2764 3
1706 2710 1804 2764 καὶ
1839 2730 2034 2764 καταν.
2074 2712 2168 2764 δεῖ
2200 2711 2305 2779 Ap.

350 2782 465 2836 ἀπὸ
494 2783 599 2851 Ap
710 2788 744 2836 4
783 2780 844 2835 αἱ
872 2799 978 2837 om.
1008 2782 1113 2850 Ap.
1237 2779 1609 2852 διανάγκασις
1633 2782 1758 2850 ΑΡ.,
1796 2780 2013 2846 -κάσεις
2040 2780 2203 2835 codd.
2305 2780 2393 2835 ix

350 2852 776 2922 καταναγκάσαι
805 2869 911 2908 om.
940 2853 1045 2922 Ap.
1158 2858 1189 2905 5
1228 2855 1374 2921 δραν
1400 2870 1502 2921 pro
1542 2852 1599 2916 ἐς
1634 2851 1840 2944 ἕδρην
1831 2853 1937 2921 Ap.
2046 2856 2107 2906 θ.
2146 2872 2261 2907 τινι
2288 2871 2391 2906 επι

349 2944 518 3014 τηνος
543 2925 648 2993 ΑΡ.
796 2929 827 2977 6
857 2922 1075 2979 ὑποκέε.
1107 2924 1267 2978 codd.
1408 2929 1437 2976 7
1468 2923 1685 2992 μήστωρ
1714 2925 1750 2977 δ
1809 2920 1881 2977 αν
1911 2924 2091 2989 codd,
2120 2923 2395 3015 μήστωρα

352 2991 407 3047 δ’
443 3015 516 3049 αν
554 2995 710 3050 Foes,
749 2996 877 3063 Pq„
925 2995 997 3064 μὴ
1037 2993 1376 3062 στορέσαντα
1413 2994 1574 3063 Litt„
1622 2994 1823 3063 scripsi
1859 2994 2118 3064 μήστωρα
2157 2993 2276 3065 ἅμα

352 3063 557 3121 ὠθέειν
597 3067 754 3136 (item
791 3065 943 3120 infra
978 3067 1113 3134 ἀπ-,
1168 3067 1324 3135 dnm>
1362 3067 1523 3120 codd..
1710 3072 1777 3119 10
1828 3067 1927 3121 καὶ
1970 3066 2035 3120 τὸ
2084 3063 2157 3120 ἔτ.
2198 3065 2395 3132 codd„

351 3135 496 3190 κατὰ
532 3157 577 3190 τ.
617 3136 657 3192 ἕ.
697 3137 831 3192 Litt.
978 3143 1044 3191 12
1084 3136 1388 3202 κατάτασις
1421 3137 1536 3190 ΗΚ
1645 3136 1695 3192 εἰ
1732 3136 1797 3192 δέ
1832 3157 1910 3205 τι,
1949 3136 1983 3205 ἡ
2021 3136 2214 3191 noeroit.
2245 3136 2391 3192 Litt.

458 3242 648 3315 ἀπατῃ
683 3243 744 3297 Μ
890 3250 1071 3298 1213
1111 3225 1331 3299 οἴονται
1367 3243 1453 3312 Μ,
1501 3242 1721 3299 οἴονται
1756 3242 1920 3308 Litt„
1967 3240 2093 3297 οἷόν
2129 3240 2192 3297 τέ
2227 3242 2391 3313 vulg.

351 3311 477 3380 pq„
461 3264 804 3450 ὠίἙΒἝΝᾶρ
806 3318 886 3438 ῗλ.
907 3316 1107 3473 {vgigp
1139 3321 1207 3368 46
1225 3392 1291 3440 15
1333 3320 1700 3476 ἒέδῖἷνοὲξίῃᾱ.
1711 3314 1978 3454 Mscrissi
1995 3313 2209 3455 ὁἐξήιίέδειιοι
2220 3261 2391 3438 ond}

353 3451 438 3518 Μ,
477 3453 538 3508 δὲ
578 3456 680 3506 cet.
799 3454 1115 3517 κατάσεισις
1149 3474 1251 3525 pro
1296 3456 1484 3511 κατάτ.
1524 3456 1656 3510 Litt.
1806 3461 1872 3510 18
1909 3455 1969 3511 εἴ
1996 3476 2075 3523 τι,
2112 3455 2150 3526 ἡ
2190 3456 2371 3511 κατάτ

355 3522 702 3576 Litt.19
741 3544 867 3592 αρμ.
906 3525 965 3577 Μ
