<?xml version="1.0" encoding="UTF-8"?>
<!DOCTYPE html PUBLIC "-//W3C//DTD XHTML 1.0 Transitional//EN"
    "http://www.w3.org/TR/xhtml1/DTD/xhtml1-transitional.dtd">
<html xmlns="http://www.w3.org/1999/xhtml" xml:lang="en" lang="en">
 <head>
  <title>
</title>
<meta http-equiv="Content-Type" content="text/html;charset=utf-8" />
  <meta name='ocr-system' content='tesseract 3.04.00' />
  <meta name='ocr-capabilities' content='ocr_page ocr_carea ocr_par ocr_line ocrx_word'/>
</head>
<body>
  <div class='ocr_page' id='page_1' title='image "./operaqvaefervnt00ilbegoog_0041.png"; bbox 0 0 2588 3876; ppageno 0'>
   <div class='ocr_carea' id='block_1_1' title="bbox 524 152 2286 217">
    <p class='ocr_par' dir='ltr' id='par_1_1' title="bbox 524 152 2286 217">
     <span class='ocr_line' id='line_1_1' title="bbox 524 152 2286 217; baseline 0.002 -16"><span class='ocrx_word' id='word_1_1' title='bbox 524 153 704 202; x_wconf 86' lang='grc' dir='ltr'><strong>ΠΕΡΙ</strong></span> <span class='ocrx_word' id='word_1_2' title='bbox 740 152 886 204; x_wconf 76' lang='grc' dir='ltr'><strong><em>ΤΩΝ</em></strong></span> <span class='ocrx_word' id='word_1_3' title='bbox 923 154 1020 203; x_wconf 82' lang='grc' dir='ltr'><strong><em>ΕΝ</em></strong></span> <span class='ocrx_word' id='word_1_4' title='bbox 1056 154 1391 204; x_wconf 83' lang='grc' dir='ltr'><strong>ΚΕΦΑΛΗΙ</strong></span> <span class='ocrx_word' id='word_1_5' title='bbox 1427 153 1819 205; x_wconf 77' lang='grc' dir='ltr'><strong>ΤΡΩΜΑΤΩΝ</strong></span> <span class='ocrx_word' id='word_1_6' title='bbox 1858 157 1938 205; x_wconf 86' lang='grc'><strong><em>14.</em></strong></span> <span class='ocrx_word' id='word_1_7' title='bbox 1973 156 2038 204; x_wconf 82' lang='grc'><strong><em>15</em></strong></span> <span class='ocrx_word' id='word_1_8' title='bbox 2203 152 2286 217; x_wconf 81' lang='grc'>21</span> 
     </span>
    </p>
   </div>
   <div class='ocr_carea' id='block_1_2' title="bbox 257 311 2396 2526">
    <p class='ocr_par' dir='ltr' id='par_1_2' title="bbox 257 311 2396 1987">
     <span class='ocr_line' id='line_1_2' title="bbox 258 311 2291 400; baseline 0.002 -25"><span class='ocrx_word' id='word_1_9' title='bbox 258 322 345 398; x_wconf 81' lang='grc' dir='ltr'><strong><em>τῇ</em></strong></span> <span class='ocrx_word' id='word_1_10' title='bbox 391 313 555 398; x_wconf 76' lang='grc' dir='ltr'><strong><em>μάζῃ</em></strong></span> <span class='ocrx_word' id='word_1_11' title='bbox 603 311 925 396; x_wconf 77' lang='grc' dir='ltr'><strong><em>ἐπιδῆσαι.</em></strong></span> <span class='ocrx_word' id='word_1_12' title='bbox 1006 322 1085 398; x_wconf 77' lang='grc' dir='ltr'><strong><em>τῇ</em></strong></span> <span class='ocrx_word' id='word_1_13' title='bbox 1133 314 1207 378; x_wconf 78' lang='grc' dir='ltr'><strong><em>δὲ</em></strong></span> <span class='ocrx_word' id='word_1_14' title='bbox 1250 313 1563 399; x_wconf 79' lang='grc' dir='ltr'><strong><em>ὑστεραίῃ</em></strong></span> <span class='ocrx_word' id='word_1_15' title='bbox 1612 312 1966 398; x_wconf 76' lang='grc' dir='ltr'><em>ἀπολύσας,</em></span> <span class='ocrx_word' id='word_1_16' title='bbox 2012 313 2291 400; x_wconf 81' lang='grc' dir='ltr'><strong><em>ἐκκαθή-</em></strong></span> 
     </span>
     <span class='ocr_line' id='line_1_3' title="bbox 259 413 2289 508; baseline 0.001 -25"><span class='ocrx_word' id='word_1_17' title='bbox 259 443 386 504; x_wconf 89' lang='grc' dir='ltr'><strong><em>ρας</em></strong></span> <span class='ocrx_word' id='word_1_18' title='bbox 430 420 506 482; x_wconf 89' lang='grc' dir='ltr'><strong><em>τὸ</em></strong></span> <span class='ocrx_word' id='word_1_19' title='bbox 542 418 731 495; x_wconf 82' lang='grc' dir='ltr'><em>ἕλκος</em></span> <span class='ocrx_word' id='word_1_20' title='bbox 767 417 1094 503; x_wconf 76' lang='grc' dir='ltr'><strong><em>ἐπιξῦσαι,</em></strong></span> <span class='ocrx_word' id='word_1_21' title='bbox 1136 421 1246 484; x_wconf 81' lang='grc' dir='ltr'><strong><em>καὶ</em></strong></span> <span class='ocrx_word' id='word_1_22' title='bbox 1280 419 1367 503; x_wconf 78' lang='grc' dir='ltr'><strong><em>ἢν</em></strong></span> <span class='ocrx_word' id='word_1_23' title='bbox 1401 422 1490 504; x_wconf 86' lang='grc' dir='ltr'><strong><em>μὴ</em></strong></span> <span class='ocrx_word' id='word_1_24' title='bbox 1524 420 1710 503; x_wconf 75' lang='grc' dir='ltr'><strong><em>ὑγιὲς</em></strong></span> <span class='ocrx_word' id='word_1_25' title='bbox 1744 413 1809 505; x_wconf 80' lang='grc' dir='ltr'><strong><em>ᾗ,</em></strong></span> <span class='ocrx_word' id='word_1_26' title='bbox 1855 420 1997 486; x_wconf 81' lang='grc' dir='ltr'><strong><em>ἀλλ’</em></strong></span> <span class='ocrx_word' id='word_1_27' title='bbox 2034 419 2289 508; x_wconf 77' lang='grc' dir='ltr'><strong><em>ἐρρώγῃ</em></strong></span> 
     </span>
     <span class='ocr_line' id='line_1_4' title="bbox 260 518 2293 611; baseline 0.001 -21"><span class='ocrx_word' id='word_1_28' title='bbox 260 526 374 590; x_wconf 85' lang='grc' dir='ltr'><strong><em>καὶ</em></strong></span> <span class='ocrx_word' id='word_1_29' title='bbox 420 524 886 609; x_wconf 90' lang='grc' dir='ltr'><strong><em>πεφλασμένον</em></strong></span> <span class='ocrx_word' id='word_1_30' title='bbox 929 518 1000 611; x_wconf 77' lang='grc' dir='ltr'><strong><em>ᾗ,</em></strong></span> <span class='ocrx_word' id='word_1_31' title='bbox 1054 527 1129 590; x_wconf 91' lang='grc' dir='ltr'><strong><em>τὸ</em></strong></span> <span class='ocrx_word' id='word_1_32' title='bbox 1174 527 1299 607; x_wconf 82' lang='grc' dir='ltr'><strong><em>μὲν</em></strong></span> <span class='ocrx_word' id='word_1_33' title='bbox 1344 527 1503 590; x_wconf 80' lang='grc' dir='ltr'><strong><em>ἄλλο</em></strong></span> <span class='ocrx_word' id='word_1_34' title='bbox 1550 524 1731 591; x_wconf 81' lang='grc' dir='ltr'><strong><em>ἔσται</em></strong></span> <span class='ocrx_word' id='word_1_35' title='bbox 1775 526 2010 593; x_wconf 85' lang='grc' dir='ltr'><strong><em>ὀστέον</em></strong></span> <span class='ocrx_word' id='word_1_36' title='bbox 2054 529 2293 593; x_wconf 88' lang='grc' dir='ltr'><strong><em>λευκὸν</em></strong></span> 
     </span>
     <span class='ocr_line' id='line_1_5' title="bbox 263 629 2294 718; baseline 0.001 -22"><span class='ocrx_word' id='word_1_37' title='bbox 263 629 721 715; x_wconf 81' lang='grc' dir='ltr'><strong><em>ἐπιξυόμενον,</em></strong></span> <span class='ocrx_word' id='word_1_38' title='bbox 784 633 825 715; x_wconf 81' lang='grc' dir='ltr'><em>ἡ</em></span> <span class='ocrx_word' id='word_1_39' title='bbox 887 633 960 696; x_wconf 81' lang='grc' dir='ltr'><strong><em>δὲ</em></strong></span> <span class='ocrx_word' id='word_1_40' title='bbox 1016 632 1240 718; x_wconf 79' lang='grc' dir='ltr'><strong><em>ρωγμὴ</em></strong></span> <span class='ocrx_word' id='word_1_41' title='bbox 1287 634 1396 697; x_wconf 86' lang='grc' dir='ltr'><strong><em>καὶ</em></strong></span> <span class='ocrx_word' id='word_1_42' title='bbox 1443 634 1482 716; x_wconf 80' lang='grc' dir='ltr'><em>ἡ</em></span> <span class='ocrx_word' id='word_1_43' title='bbox 1530 633 1771 717; x_wconf 77' lang='grc' dir='ltr'><strong><em>φλάσις</em></strong></span> <span class='ocrx_word' id='word_1_44' title='bbox 1824 633 2294 711; x_wconf 87' lang='grc' dir='ltr'><strong><em>κατατακέντος</em></strong></span> 
     </span>
     <span class='ocr_line' id='line_1_6' title="bbox 258 736 2396 824; baseline 0.002 -22"><span class='ocrx_word' id='word_1_45' title='bbox 258 747 386 803; x_wconf 83' lang='grc' dir='ltr'><strong><em>τοῦ</em></strong></span> <span class='ocrx_word' id='word_1_46' title='bbox 426 738 436 824; x_wconf 76' lang='grc' dir='ltr'>Ι</span> <span class='ocrx_word' id='word_1_47' title='bbox 478 738 828 823; x_wconf 77' lang='grc' dir='ltr'><strong><em>φαρμάκου</em></strong></span> <span class='ocrx_word' id='word_1_48' title='bbox 876 736 1191 823; x_wconf 77' lang='grc' dir='ltr'><strong><em>δεξαμένη</em></strong></span> <span class='ocrx_word' id='word_1_49' title='bbox 1238 739 1313 803; x_wconf 88' lang='grc' dir='ltr'><strong><em>τὸ</em></strong></span> <span class='ocrx_word' id='word_1_50' title='bbox 1361 740 1709 824; x_wconf 80' lang='grc' dir='ltr'><strong><em>φάρμακον</em></strong></span> <span class='ocrx_word' id='word_1_51' title='bbox 1755 738 1822 816; x_wconf 86' lang='grc' dir='ltr'><strong><em>ἐς</em></strong></span> <span class='ocrx_word' id='word_1_52' title='bbox 1868 740 2120 824; x_wconf 80' lang='grc' dir='ltr'><strong><em>ἑωυτὴν</em></strong></span> <span class='ocrx_word' id='word_1_53' title='bbox 2155 739 2266 823; x_wconf 85' lang='grc' dir='ltr'><strong><em>μέ-</em></strong></span> <span class='ocrx_word' id='word_1_54' title='bbox 2295 760 2396 807; x_wconf 79' lang='lat'><strong><em>242</em></strong></span> 
     </span>
     <span class='ocr_line' id='line_1_7' title="bbox 260 842 2372 935; baseline 0.001 -27"><span class='ocrx_word' id='word_1_55' title='bbox 260 850 391 909; x_wconf 91' lang='grc' dir='ltr'><strong><em>λαν</em></strong></span> <span class='ocrx_word' id='word_1_56' title='bbox 449 843 564 910; x_wconf 86' lang='grc' dir='ltr'><strong><em>ἐὸν</em></strong></span> <span class='ocrx_word' id='word_1_57' title='bbox 616 842 798 910; x_wconf 78' lang='grc' dir='ltr'><strong><em>ἔσται</em></strong></span> <span class='ocrx_word' id='word_1_58' title='bbox 842 842 1119 927; x_wconf 89' lang='grc' dir='ltr'><strong><em>μέλαινα</em></strong></span> <span class='ocrx_word' id='word_1_59' title='bbox 1165 844 1240 910; x_wconf 89' lang='grc' dir='ltr'><strong><em>ἐν</em></strong></span> <span class='ocrx_word' id='word_1_60' title='bbox 1293 850 1505 935; x_wconf 77' lang='grc' dir='ltr'><strong><em>λευκῷ</em></strong></span> <span class='ocrx_word' id='word_1_61' title='bbox 1552 854 1645 933; x_wconf 76' lang='grc' dir='ltr'><strong><em>τῷ</em></strong></span> <span class='ocrx_word' id='word_1_62' title='bbox 1700 846 1903 935; x_wconf 76' lang='grc' dir='ltr'><strong><em>ὀστέῳ</em></strong></span> <span class='ocrx_word' id='word_1_63' title='bbox 1958 855 2050 935; x_wconf 80' lang='grc' dir='ltr'><strong><em>τῷ</em></strong></span> <span class='ocrx_word' id='word_1_64' title='bbox 2098 848 2291 935; x_wconf 76' lang='grc' dir='ltr'><strong><em>ἄλλῳ.</em></strong></span> <span class='ocrx_word' id='word_1_65' title='bbox 2347 874 2372 911; x_wconf 75' lang='lat' dir='ltr'><strong>e</strong></span> 
     </span>
     <span class='ocr_line' id='line_1_8' title="bbox 261 946 2294 1037; baseline 0.001 -21"><span class='ocrx_word' id='word_1_66' title='bbox 261 951 433 1016; x_wconf 79' lang='grc' dir='ltr'><strong><em>ἀλλὰ</em></strong></span> <span class='ocrx_word' id='word_1_67' title='bbox 477 953 601 1036; x_wconf 80' lang='grc' dir='ltr'><strong><em>χρὴ</em></strong></span> <span class='ocrx_word' id='word_1_68' title='bbox 646 946 835 1028; x_wconf 82' lang='grc' dir='ltr'><strong><em>αὖτις</em></strong></span> <span class='ocrx_word' id='word_1_69' title='bbox 868 952 991 1035; x_wconf 85' lang='grc' dir='ltr'><strong><em>τὴν</em></strong></span> <span class='ocrx_word' id='word_1_70' title='bbox 1027 953 1299 1036; x_wconf 78' lang='grc' dir='ltr'><strong><em>ρωγμὴν</em></strong></span> <span class='ocrx_word' id='word_1_71' title='bbox 1333 954 1581 1036; x_wconf 85' lang='grc' dir='ltr'><strong><em>ταύτην</em></strong></span> <span class='ocrx_word' id='word_1_72' title='bbox 1617 964 1942 1037; x_wconf 82' lang='grc' dir='ltr'><strong><em>φανεῖσαν</em></strong></span> <span class='ocrx_word' id='word_1_73' title='bbox 1976 953 2294 1035; x_wconf 89' lang='grc' dir='ltr'><strong><em>μέλαιναν</em></strong></span> 
     </span>
     <span class='ocr_line' id='line_1_9' title="bbox 262 1056 2294 1146; baseline 0.001 -24"><span class='ocrx_word' id='word_1_74' title='bbox 262 1056 560 1135; x_wconf 81' lang='grc' dir='ltr'><strong><em>ἐπιξύειν</em></strong></span> <span class='ocrx_word' id='word_1_75' title='bbox 596 1060 760 1123; x_wconf 82' lang='grc' dir='ltr'><strong><em>κατὰ</em></strong></span> <span class='ocrx_word' id='word_1_76' title='bbox 794 1058 1033 1140; x_wconf 77' lang='grc' dir='ltr'><strong><em>βάθος·</em></strong></span> <span class='ocrx_word' id='word_1_77' title='bbox 1079 1059 1186 1123; x_wconf 84' lang='grc' dir='ltr'><strong><em>καὶ</em></strong></span> <span class='ocrx_word' id='word_1_78' title='bbox 1231 1057 1320 1142; x_wconf 73' lang='grc' dir='ltr'><strong><em>ἣν</em></strong></span> <span class='ocrx_word' id='word_1_79' title='bbox 1363 1059 1486 1140; x_wconf 77' lang='grc' dir='ltr'><strong><em>μὲν</em></strong></span> <span class='ocrx_word' id='word_1_80' title='bbox 1530 1057 1816 1137; x_wconf 81' lang='grc' dir='ltr'><strong><em>ἐπιξύων</em></strong></span> <span class='ocrx_word' id='word_1_81' title='bbox 1859 1060 1981 1143; x_wconf 82' lang='grc' dir='ltr'><strong><em>τὴν</em></strong></span> <span class='ocrx_word' id='word_1_82' title='bbox 2025 1060 2294 1146; x_wconf 76' lang='grc' dir='ltr'><strong><em>ῥωγμὴν</em></strong></span> 
     </span>
     <span class='ocr_line' id='line_1_10' title="bbox 263 1162 2293 1251; baseline 0 -22"><span class='ocrx_word' id='word_1_83' title='bbox 263 1164 488 1249; x_wconf 78' lang='grc' dir='ltr'><em>ἐξέλῃς</em></span> <span class='ocrx_word' id='word_1_84' title='bbox 532 1166 640 1229; x_wconf 81' lang='grc' dir='ltr'><strong><em>καὶ</em></strong></span> <span class='ocrx_word' id='word_1_85' title='bbox 686 1162 944 1248; x_wconf 83' lang='grc' dir='ltr'><strong><em>ἀφανέα</em></strong></span> <span class='ocrx_word' id='word_1_86' title='bbox 988 1168 1296 1251; x_wconf 82' lang='grc' dir='ltr'><strong><em>ποιήσῃς,</em></strong></span> <span class='ocrx_word' id='word_1_87' title='bbox 1343 1166 1583 1249; x_wconf 76' lang='grc' dir='ltr'><strong><em>φλάσις</em></strong></span> <span class='ocrx_word' id='word_1_88' title='bbox 1626 1162 1750 1248; x_wconf 73' lang='grc' dir='ltr'><strong><em>μὲν</em></strong></span> <span class='ocrx_word' id='word_1_89' title='bbox 1794 1165 2137 1250; x_wconf 76' lang='grc' dir='ltr'><strong><em>γεγένηται</em></strong></span> <span class='ocrx_word' id='word_1_90' title='bbox 2172 1174 2293 1231; x_wconf 88' lang='grc' dir='ltr'><strong><em>τοῦ</em></strong></span> 
     </span>
     <span class='ocr_line' id='line_1_11' title="bbox 260 1266 2373 1358; baseline 0 -22"><span class='ocrx_word' id='word_1_91' title='bbox 260 1270 500 1336; x_wconf 87' lang='grc' dir='ltr'><strong><em>ὀστέου</em></strong></span> <span class='ocrx_word' id='word_1_92' title='bbox 546 1270 587 1353; x_wconf 78' lang='grc' dir='ltr'>ἢ</span> <span class='ocrx_word' id='word_1_93' title='bbox 632 1275 885 1352; x_wconf 82' lang='grc' dir='ltr'><strong><em>μᾶλλον</em></strong></span> <span class='ocrx_word' id='word_1_94' title='bbox 938 1270 978 1354; x_wconf 77' lang='grc' dir='ltr'><em>ἢ</em></span> <span class='ocrx_word' id='word_1_95' title='bbox 1025 1266 1255 1355; x_wconf 82' lang='grc' dir='ltr'><strong><em>ἧσσον,</em></strong></span> <span class='ocrx_word' id='word_1_96' title='bbox 1310 1272 1453 1355; x_wconf 74' lang='grc' dir='ltr'><strong><em>ἥτις</em></strong></span> <span class='ocrx_word' id='word_1_97' title='bbox 1505 1294 1627 1358; x_wconf 89' lang='grc' dir='ltr'><strong><em>περ</em></strong></span> <span class='ocrx_word' id='word_1_98' title='bbox 1684 1269 1956 1358; x_wconf 78' lang='grc' dir='ltr'><strong><em>ἔρρηξεν</em></strong></span> <span class='ocrx_word' id='word_1_99' title='bbox 2009 1273 2117 1338; x_wconf 84' lang='grc' dir='ltr'><strong><em>καὶ</em></strong></span> <span class='ocrx_word' id='word_1_100' title='bbox 2171 1273 2294 1356; x_wconf 82' lang='grc' dir='ltr'><strong><em>τὴν</em></strong></span> <span class='ocrx_word' id='word_1_101' title='bbox 2322 1298 2373 1337; x_wconf 89' lang='lat'><strong><em>10</em></strong></span> 
     </span>
     <span class='ocr_line' id='line_1_12' title="bbox 261 1373 2295 1464; baseline 0 -22"><span class='ocrx_word' id='word_1_102' title='bbox 261 1377 538 1463; x_wconf 75' lang='grc' dir='ltr'><strong><em>ρωγμὴν</em></strong></span> <span class='ocrx_word' id='word_1_103' title='bbox 582 1379 705 1461; x_wconf 84' lang='grc' dir='ltr'><strong><em>τὴν</em></strong></span> <span class='ocrx_word' id='word_1_104' title='bbox 760 1377 1252 1460; x_wconf 81' lang='grc' dir='ltr'><strong><em>αφανισθεῖσαν</em></strong></span> <span class='ocrx_word' id='word_1_105' title='bbox 1304 1378 1434 1443; x_wconf 84' lang='grc' dir='ltr'><strong><em>ὑπὸ</em></strong></span> <span class='ocrx_word' id='word_1_106' title='bbox 1493 1388 1614 1443; x_wconf 87' lang='grc' dir='ltr'><strong><em>τοῦ</em></strong></span> <span class='ocrx_word' id='word_1_107' title='bbox 1658 1377 2021 1464; x_wconf 81' lang='grc' dir='ltr'><strong><em>ξυστῆρος,</em></strong></span> <span class='ocrx_word' id='word_1_108' title='bbox 2083 1373 2295 1462; x_wconf 80' lang='grc' dir='ltr'><strong><em>ἧσσον</em></strong></span> 
     </span>
     <span class='ocr_line' id='line_1_13' title="bbox 262 1479 2292 1570; baseline 0.001 -22"><span class='ocrx_word' id='word_1_109' title='bbox 262 1481 343 1549; x_wconf 88' lang='grc' dir='ltr'><strong><em>δε</em></strong></span> <span class='ocrx_word' id='word_1_110' title='bbox 387 1484 681 1570; x_wconf 82' lang='grc' dir='ltr'><strong><em>φοβερὸν</em></strong></span> <span class='ocrx_word' id='word_1_111' title='bbox 734 1485 843 1548; x_wconf 81' lang='grc' dir='ltr'><strong><em>καὶ</em></strong></span> <span class='ocrx_word' id='word_1_112' title='bbox 896 1479 1107 1568; x_wconf 82' lang='grc' dir='ltr'><strong><em>ἧσσον</em></strong></span> <span class='ocrx_word' id='word_1_113' title='bbox 1161 1509 1247 1548; x_wconf 93' lang='grc' dir='ltr'><strong><em>αν</em></strong></span> <span class='ocrx_word' id='word_1_114' title='bbox 1299 1494 1566 1569; x_wconf 77' lang='grc' dir='ltr'><strong><em>πρῆγμα</em></strong></span> <span class='ocrx_word' id='word_1_115' title='bbox 1621 1483 1730 1549; x_wconf 81' lang='grc' dir='ltr'><strong><em>ἀπ’</em></strong></span> <span class='ocrx_word' id='word_1_116' title='bbox 1784 1485 1987 1568; x_wconf 86' lang='grc' dir='ltr'><strong><em>αὐτῆς</em></strong></span> <span class='ocrx_word' id='word_1_117' title='bbox 2040 1488 2292 1568; x_wconf 83' lang='grc' dir='ltr'><strong><em>γίνοιτο</em></strong></span> 
     </span>
     <span class='ocr_line' id='line_1_14' title="bbox 260 1584 2293 1678; baseline 0 -23"><span class='ocrx_word' id='word_1_118' title='bbox 260 1590 754 1674; x_wconf 79' lang='grc' dir='ltr'><strong><em>ἀφανισθείσης</em></strong></span> <span class='ocrx_word' id='word_1_119' title='bbox 796 1600 913 1673; x_wconf 87' lang='grc' dir='ltr'><strong><em>τῆς</em></strong></span> <span class='ocrx_word' id='word_1_120' title='bbox 968 1590 1244 1675; x_wconf 75' lang='grc' dir='ltr'><strong><em>ρωγμῆς.</em></strong></span> <span class='ocrx_word' id='word_1_121' title='bbox 1336 1589 1421 1673; x_wconf 78' lang='grc' dir='ltr'><strong><em>ἢν</em></strong></span> <span class='ocrx_word' id='word_1_122' title='bbox 1477 1590 1552 1655; x_wconf 79' lang='grc' dir='ltr'><strong><em>δὲ</em></strong></span> <span class='ocrx_word' id='word_1_123' title='bbox 1604 1592 1769 1655; x_wconf 90' lang='grc' dir='ltr'><strong><em>κατα</em></strong></span> <span class='ocrx_word' id='word_1_124' title='bbox 1820 1592 2037 1674; x_wconf 83' lang='grc' dir='ltr'><strong><em>βαθος</em></strong></span> <span class='ocrx_word' id='word_1_125' title='bbox 2089 1584 2132 1678; x_wconf 80' lang='grc' dir='ltr'><em>ἦ</em></span> <span class='ocrx_word' id='word_1_126' title='bbox 2185 1592 2293 1656; x_wconf 87' lang='grc' dir='ltr'><strong><em>καὶ</em></strong></span> 
     </span>
     <span class='ocr_line' id='line_1_15' title="bbox 258 1694 2291 1782; baseline 0 -21"><span class='ocrx_word' id='word_1_127' title='bbox 258 1699 351 1780; x_wconf 81' lang='grc' dir='ltr'><strong><em>μὴ</em></strong></span> <span class='ocrx_word' id='word_1_128' title='bbox 399 1696 601 1782; x_wconf 80' lang='grc' dir='ltr'><strong><em>ἐθέλῃ</em></strong></span> <span class='ocrx_word' id='word_1_129' title='bbox 649 1695 891 1775; x_wconf 79' lang='grc' dir='ltr'><strong><em>ἐξιέναι</em></strong></span> <span class='ocrx_word' id='word_1_130' title='bbox 937 1694 1361 1780; x_wconf 83' lang='grc' dir='ltr'><strong><em>ἐπιξυομένη,</em></strong></span> <span class='ocrx_word' id='word_1_131' title='bbox 1408 1695 1474 1773; x_wconf 86' lang='grc' dir='ltr'><strong><em>ἐς</em></strong></span> <span class='ocrx_word' id='word_1_132' title='bbox 1519 1699 1750 1781; x_wconf 86' lang='grc' dir='ltr'><strong><em>πρίσιν</em></strong></span> <span class='ocrx_word' id='word_1_133' title='bbox 1795 1696 2034 1781; x_wconf 81' lang='grc' dir='ltr'><strong><em>ἀφήκει</em></strong></span> <span class='ocrx_word' id='word_1_134' title='bbox 2080 1699 2206 1780; x_wconf 80' lang='grc' dir='ltr'><strong><em>ἤδη</em></strong></span> <span class='ocrx_word' id='word_1_135' title='bbox 2251 1699 2291 1781; x_wconf 80' lang='grc' dir='ltr'><em>ἡ</em></span> 
     </span>
     <span class='ocr_line' id='line_1_16' title="bbox 257 1802 2372 1890; baseline 0 -23"><span class='ocrx_word' id='word_1_136' title='bbox 257 1804 536 1887; x_wconf 85' lang='grc' dir='ltr'><strong><em>τοιαύτη</em></strong></span> <span class='ocrx_word' id='word_1_137' title='bbox 575 1806 902 1888; x_wconf 81' lang='grc' dir='ltr'><strong><em>συμφορή.</em></strong></span> <span class='ocrx_word' id='word_1_138' title='bbox 958 1802 1123 1867; x_wconf 80' lang='grc' dir='ltr'><strong><em>ἀλλὰ</em></strong></span> <span class='ocrx_word' id='word_1_139' title='bbox 1159 1803 1281 1890; x_wconf 79' lang='grc' dir='ltr'><strong><em>χρὴ</em></strong></span> <span class='ocrx_word' id='word_1_140' title='bbox 1318 1807 1646 1889; x_wconf 86' lang='grc' dir='ltr'><strong><em>πρίσαντα</em></strong></span> <span class='ocrx_word' id='word_1_141' title='bbox 1680 1804 1762 1867; x_wconf 78' lang='grc' dir='ltr'><strong><em>τὰ</em></strong></span> <span class='ocrx_word' id='word_1_142' title='bbox 1798 1805 1995 1867; x_wconf 81' lang='grc' dir='ltr'><strong><em>λοιπὰ</em></strong></span> <span class='ocrx_word' id='word_1_143' title='bbox 2037 1804 2291 1889; x_wconf 80' lang='grc' dir='ltr'><strong><em>ἰητρεύ-</em></strong></span> <span class='ocrx_word' id='word_1_144' title='bbox 2321 1828 2372 1869; x_wconf 88' lang='lat'><strong><em>15</em></strong></span> 
     </span>
     <span class='ocr_line' id='line_1_17' title="bbox 259 1909 738 1987; baseline 0 -10"><span class='ocrx_word' id='word_1_145' title='bbox 259 1934 369 1977; x_wconf 88' lang='grc' dir='ltr'><strong><em>ειν</em></strong></span> <span class='ocrx_word' id='word_1_146' title='bbox 412 1912 486 1975; x_wconf 88' lang='grc' dir='ltr'><strong><em>τὸ</em></strong></span> <span class='ocrx_word' id='word_1_147' title='bbox 534 1909 738 1987; x_wconf 82' lang='grc' dir='ltr'><strong><em>ἕλκος.</em></strong></span> 
     </span>
    </p>

    <p class='ocr_par' dir='ltr' id='par_1_3' title="bbox 257 2016 2374 2526">
     <span class='ocr_line' id='line_1_18' title="bbox 403 2016 2293 2102; baseline -0.001 -20"><span class='ocrx_word' id='word_1_148' title='bbox 403 2017 503 2082; x_wconf 80' lang='lat'><strong><em>15.</em></strong></span> <span class='ocrx_word' id='word_1_149' title='bbox 583 2018 1057 2082; x_wconf 77' lang='grc' dir='ltr'><strong><em>Φυλάσσεσθαι</em></strong></span> <span class='ocrx_word' id='word_1_150' title='bbox 1113 2018 1187 2083; x_wconf 78' lang='grc' dir='ltr'><strong><em>δὲ</em></strong></span> <span class='ocrx_word' id='word_1_151' title='bbox 1241 2020 1364 2102; x_wconf 85' lang='grc' dir='ltr'><strong><em>χρὴ</em></strong></span> <span class='ocrx_word' id='word_1_152' title='bbox 1420 2019 1588 2094; x_wconf 79' lang='grc' dir='ltr'><strong><em>ὅκως</em></strong></span> <span class='ocrx_word' id='word_1_153' title='bbox 1642 2020 1731 2101; x_wconf 86' lang='grc' dir='ltr'><strong><em>μή</em></strong></span> <span class='ocrx_word' id='word_1_154' title='bbox 1776 2041 1840 2082; x_wconf 93' lang='grc' dir='ltr'><strong><em>τι</em></strong></span> <span class='ocrx_word' id='word_1_155' title='bbox 1886 2018 2092 2082; x_wconf 88' lang='grc' dir='ltr'><strong><em>κακὸν</em></strong></span> <span class='ocrx_word' id='word_1_156' title='bbox 2136 2016 2293 2081; x_wconf 80' lang='grc' dir='ltr'><strong><em>ἀπο-</em></strong></span> 
     </span>
     <span class='ocr_line' id='line_1_19' title="bbox 257 2108 2292 2210; baseline 0 -22"><span class='ocrx_word' id='word_1_157' title='bbox 257 2125 478 2210; x_wconf 86' lang='grc' dir='ltr'><strong><em>λαύσῃ</em></strong></span> <span class='ocrx_word' id='word_1_158' title='bbox 524 2125 598 2189; x_wconf 93' lang='grc' dir='ltr'><strong><em>τὸ</em></strong></span> <span class='ocrx_word' id='word_1_159' title='bbox 645 2108 901 2189; x_wconf 88' lang='grc' dir='ltr'><strong><em>ὀστέον</em></strong></span> <span class='ocrx_word' id='word_1_160' title='bbox 924 2122 1052 2188; x_wconf 82' lang='grc' dir='ltr'><strong><em>ἀπὸ</em></strong></span> <span class='ocrx_word' id='word_1_161' title='bbox 1097 2133 1212 2207; x_wconf 82' lang='grc' dir='ltr'><strong><em>τῆς</em></strong></span> <span class='ocrx_word' id='word_1_162' title='bbox 1258 2127 1527 2209; x_wconf 86' lang='grc' dir='ltr'><strong><em>σαρκός,</em></strong></span> <span class='ocrx_word' id='word_1_163' title='bbox 1585 2123 1671 2208; x_wconf 79' lang='grc' dir='ltr'><strong><em>ἢν</em></strong></span> <span class='ocrx_word' id='word_1_164' title='bbox 1725 2135 1938 2200; x_wconf 84' lang='grc' dir='ltr'><strong><em>κακῶς</em></strong></span> <span class='ocrx_word' id='word_1_165' title='bbox 1994 2125 2292 2209; x_wconf 85' lang='grc' dir='ltr'><strong><em>ἰητρεύη-</em></strong></span> 
     </span>
     <span class='ocr_line' id='line_1_20' title="bbox 258 2229 2293 2318; baseline 0 -23"><span class='ocrx_word' id='word_1_166' title='bbox 258 2229 387 2295; x_wconf 84' lang='grc' dir='ltr'><strong><em>ται.</em></strong></span> <span class='ocrx_word' id='word_1_167' title='bbox 482 2229 685 2317; x_wconf 78' lang='grc' dir='ltr'><strong><em>ὀστέῳ</em></strong></span> <span class='ocrx_word' id='word_1_168' title='bbox 741 2231 868 2314; x_wconf 77' lang='grc' dir='ltr'><strong><em>γὰρ</em></strong></span> <span class='ocrx_word' id='word_1_169' title='bbox 923 2231 1033 2295; x_wconf 83' lang='grc' dir='ltr'><strong><em>καὶ</em></strong></span> <span class='ocrx_word' id='word_1_170' title='bbox 1089 2230 1507 2317; x_wconf 79' lang='grc' dir='ltr'><strong><em>πεπρισμένφ</em></strong></span> <span class='ocrx_word' id='word_1_171' title='bbox 1563 2231 1672 2294; x_wconf 84' lang='grc' dir='ltr'><strong><em>καὶ</em></strong></span> <span class='ocrx_word' id='word_1_172' title='bbox 1723 2232 1935 2307; x_wconf 77' lang='grc' dir='ltr'><strong><em>ἄλλως</em></strong></span> <span class='ocrx_word' id='word_1_173' title='bbox 1980 2230 2293 2318; x_wconf 77' lang='grc' dir='ltr'><strong><em>ἀπρίστφ,</em></strong></span> 
     </span>
     <span class='ocr_line' id='line_1_21' title="bbox 259 2334 2374 2423; baseline -0 -21"><span class='ocrx_word' id='word_1_174' title='bbox 259 2336 646 2423; x_wconf 78' lang='grc' dir='ltr'><strong><em>ἐψιλωμένφ</em></strong></span> <span class='ocrx_word' id='word_1_175' title='bbox 695 2336 789 2421; x_wconf 85' lang='grc' dir='ltr'><strong><em>δέ,</em></strong></span> <span class='ocrx_word' id='word_1_176' title='bbox 836 2337 942 2401; x_wconf 84' lang='grc' dir='ltr'><strong><em>καὶ</em></strong></span> <span class='ocrx_word' id='word_1_177' title='bbox 987 2336 1164 2420; x_wconf 83' lang='grc' dir='ltr'><strong><em>ὑγιεῖ</em></strong></span> <span class='ocrx_word' id='word_1_178' title='bbox 1211 2337 1342 2421; x_wconf 81' lang='grc' dir='ltr'><strong><em>[δὲ]</em></strong></span> <span class='ocrx_word' id='word_1_179' title='bbox 1390 2335 1569 2402; x_wconf 88' lang='grc' dir='ltr'><strong><em>ἐόντι</em></strong></span> <span class='ocrx_word' id='word_1_180' title='bbox 1607 2338 1715 2401; x_wconf 82' lang='grc' dir='ltr'><strong><em>καὶ</em></strong></span> <span class='ocrx_word' id='word_1_181' title='bbox 1753 2334 1976 2422; x_wconf 77' lang='grc' dir='ltr'><strong><em>ἔχοντί</em></strong></span> <span class='ocrx_word' id='word_1_182' title='bbox 2008 2361 2072 2401; x_wconf 91' lang='grc' dir='ltr'><strong><em>τι</em></strong></span> <span class='ocrx_word' id='word_1_183' title='bbox 2111 2339 2295 2413; x_wconf 85' lang='grc' dir='ltr'><strong><em>σι’νος</em></strong></span> <span class='ocrx_word' id='word_1_184' title='bbox 2322 2362 2374 2401; x_wconf 82' lang='lat'><strong><em>20</em></strong></span> 
     </span>
     <span class='ocr_line' id='line_1_22' title="bbox 259 2438 2295 2526; baseline -0.001 -18"><span class='ocrx_word' id='word_1_185' title='bbox 259 2444 393 2508; x_wconf 81' lang='grc' dir='ltr'><strong><em>ὑπὸ</em></strong></span> <span class='ocrx_word' id='word_1_186' title='bbox 441 2452 563 2508; x_wconf 91' lang='grc' dir='ltr'><strong><em>τοῦ</em></strong></span> <span class='ocrx_word' id='word_1_187' title='bbox 608 2443 855 2526; x_wconf 78' lang='grc' dir='ltr'><strong><em>βέλεος,</em></strong></span> <span class='ocrx_word' id='word_1_188' title='bbox 902 2441 1201 2508; x_wconf 84' lang='grc' dir='ltr'><strong><em>δοκέοντι</em></strong></span> <span class='ocrx_word' id='word_1_189' title='bbox 1246 2444 1321 2508; x_wconf 85' lang='grc' dir='ltr'><strong><em>δὲ</em></strong></span> <span class='ocrx_word' id='word_1_190' title='bbox 1357 2443 1533 2526; x_wconf 79' lang='grc' dir='ltr'><strong><em>ὑγιεῖ</em></strong></span> <span class='ocrx_word' id='word_1_191' title='bbox 1569 2438 1761 2526; x_wconf 77' lang='grc' dir='ltr'><strong><em>εἶναι,</em></strong></span> <span class='ocrx_word' id='word_1_192' title='bbox 1808 2445 2121 2518; x_wconf 90' lang='grc' dir='ltr'><strong><em>κίνδυνός</em></strong></span> <span class='ocrx_word' id='word_1_193' title='bbox 2157 2441 2295 2506; x_wconf 82' lang='grc' dir='ltr'><strong><em>ἐστι</em></strong></span> 
     </span>
    </p>
   </div>
   <div class='ocr_carea' id='block_1_3' title="bbox 260 2736 2296 3594">
    <p class='ocr_par' dir='ltr' id='par_1_4' title="bbox 411 2736 2189 2812">
     <span class='ocr_line' id='line_1_23' title="bbox 411 2736 2189 2812; baseline -0.001 -18"><span class='ocrx_word' id='word_1_194' title='bbox 411 2749 439 2794; x_wconf 92' lang='grc'><strong><em>1</em></strong></span> <span class='ocrx_word' id='word_1_195' title='bbox 481 2738 538 2797; x_wconf 81' lang='grc' dir='ltr'><strong><em>δ’</em></strong></span> <span class='ocrx_word' id='word_1_196' title='bbox 572 2740 623 2794; x_wconf 90' lang='lat' dir='ltr'><strong>V</strong></span> <span class='ocrx_word' id='word_1_197' title='bbox 768 2747 798 2793; x_wconf 84' lang='lat'>2</span> <span class='ocrx_word' id='word_1_198' title='bbox 838 2740 1092 2806; x_wconf 77' lang='grc' dir='ltr'><strong><em>ἐπιξυσαι</em></strong></span> <span class='ocrx_word' id='word_1_199' title='bbox 1127 2741 1172 2793; x_wconf 92' lang='grc' dir='ltr'>Β</span> <span class='ocrx_word' id='word_1_200' title='bbox 1296 2736 1330 2810; x_wconf 86' lang='grc' dir='ltr'><strong><em>ἦ</em></strong></span> <span class='ocrx_word' id='word_1_201' title='bbox 1370 2742 1404 2795; x_wconf 79' lang='grc' dir='ltr'>ὑ</span> <span class='ocrx_word' id='word_1_202' title='bbox 1408 2762 1522 2812; x_wconf 77' lang='grc' dir='ltr'><strong><em>γιες</em></strong></span> <span class='ocrx_word' id='word_1_203' title='bbox 1557 2739 1610 2795; x_wconf 88' lang='lat' dir='ltr'><strong>V</strong></span> <span class='ocrx_word' id='word_1_204' title='bbox 1759 2747 1794 2794; x_wconf 90' lang='lat'>4</span> <span class='ocrx_word' id='word_1_205' title='bbox 1831 2739 1970 2810; x_wconf 82' lang='grc' dir='ltr'><strong><em>ξυόμ</em></strong></span> <span class='ocrx_word' id='word_1_206' title='bbox 1972 2759 2101 2796; x_wconf 86' lang='grc' dir='ltr'><strong><em>ενον</em></strong></span> <span class='ocrx_word' id='word_1_207' title='bbox 2138 2739 2189 2793; x_wconf 90' lang='lat' dir='ltr'><strong>V</strong></span> 
     </span>
    </p>

    <p class='ocr_par' dir='ltr' id='par_1_5' title="bbox 260 2761 2296 3096">
     <span class='ocr_line' id='line_1_24' title="bbox 264 2761 2295 2905; baseline -0.001 -38"><span class='ocrx_word' id='word_1_208' title='bbox 264 2820 295 2867; x_wconf 89' lang='grc'>6</span> <span class='ocrx_word' id='word_1_209' title='bbox 335 2811 511 2882; x_wconf 80' lang='grc' dir='ltr'><strong><em>μέλαν</em></strong></span> <span class='ocrx_word' id='word_1_210' title='bbox 548 2812 644 2868; x_wconf 82' lang='grc' dir='ltr'><strong><em>ἐὸν</em></strong></span> <span class='ocrx_word' id='word_1_211' title='bbox 693 2830 827 2866; x_wconf 83' lang='lat' dir='ltr'>corr.</span> <span class='ocrx_word' id='word_1_212' title='bbox 866 2812 928 2865; x_wconf 85' lang='lat' dir='ltr'><strong><em>in</em></strong></span> <span class='ocrx_word' id='word_1_213' title='bbox 964 2812 1267 2905; x_wconf 82' lang='grc' dir='ltr'><strong><em>μελάνεον</em></strong></span> <span class='ocrx_word' id='word_1_214' title='bbox 1268 2797 1321 2865; x_wconf 84' lang='lat' dir='ltr'><strong>V</strong></span> <span class='ocrx_word' id='word_1_215' title='bbox 1442 2811 1612 2881; x_wconf 80' lang='grc' dir='ltr'><strong><em>μέλαν</em></strong></span> <span class='ocrx_word' id='word_1_216' title='bbox 1651 2812 1838 2877; x_wconf 57' lang='lat' dir='ltr'><strong>codd„</strong></span> <span class='ocrx_word' id='word_1_217' title='bbox 1886 2761 2118 2881; x_wconf 80' lang='grc' dir='ltr'><strong><em>μέλαινα</em></strong></span> <span class='ocrx_word' id='word_1_218' title='bbox 2165 2810 2295 2865; x_wconf 80' lang='lat' dir='ltr'>Sca—</span> 
     </span>
     <span class='ocr_line' id='line_1_25' title="bbox 260 2878 2293 2953; baseline 0 -16"><span class='ocrx_word' id='word_1_219' title='bbox 260 2884 306 2937; x_wconf 86' lang='lat' dir='ltr'><strong><em>li</em></strong></span> <span class='ocrx_word' id='word_1_220' title='bbox 348 2900 409 2937; x_wconf 82' lang='lat' dir='ltr'><strong><em>er</em></strong></span> <span class='ocrx_word' id='word_1_221' title='bbox 553 2882 654 2953; x_wconf 75' lang='grc' dir='ltr'><strong><em>μὲν</em></strong></span> <span class='ocrx_word' id='word_1_222' title='bbox 690 2899 792 2953; x_wconf 88' lang='lat' dir='ltr'><strong><em>pro</em></strong></span> <span class='ocrx_word' id='word_1_223' title='bbox 832 2883 891 2938; x_wconf 80' lang='grc' dir='ltr'><strong><em>ἐν</em></strong></span> <span class='ocrx_word' id='word_1_224' title='bbox 927 2883 973 2936; x_wconf 94' lang='grc' dir='ltr'>Β</span> <span class='ocrx_word' id='word_1_225' title='bbox 1129 2888 1159 2935; x_wconf 83' lang='grc'><strong>7</strong></span> <span class='ocrx_word' id='word_1_226' title='bbox 1198 2879 1358 2945; x_wconf 77' lang='grc' dir='ltr'><strong><em>αὖτις</em></strong></span> <span class='ocrx_word' id='word_1_227' title='bbox 1412 2883 1478 2949; x_wconf 90' lang='lat' dir='ltr'><strong><em>V,</em></strong></span> <span class='ocrx_word' id='word_1_228' title='bbox 1518 2878 1692 2946; x_wconf 77' lang='grc' dir='ltr'><strong><em>αὖθις</em></strong></span> <span class='ocrx_word' id='word_1_229' title='bbox 1725 2883 1772 2935; x_wconf 95' lang='grc' dir='ltr'><strong>Β</strong></span> <span class='ocrx_word' id='word_1_230' title='bbox 1808 2882 1956 2952; x_wconf 82' lang='lat' dir='ltr'>vulg.</span> <span class='ocrx_word' id='word_1_231' title='bbox 2103 2888 2135 2936; x_wconf 89' lang='lat'>8</span> <span class='ocrx_word' id='word_1_232' title='bbox 2174 2883 2293 2938; x_wconf 77' lang='grc' dir='ltr'><strong><em>ἐπι·</em></strong></span> 
     </span>
     <span class='ocr_line' id='line_1_26' title="bbox 263 2953 2294 3024; baseline -0 -16"><span class='ocrx_word' id='word_1_233' title='bbox 263 2956 292 3019; x_wconf 81' lang='grc' dir='ltr'><strong>ξ</strong></span> <span class='ocrx_word' id='word_1_234' title='bbox 323 2974 407 3010; x_wconf 86' lang='grc' dir='ltr'><strong><em>ειν</em></strong></span> <span class='ocrx_word' id='word_1_235' title='bbox 446 2954 628 3021; x_wconf 59' lang='lat' dir='ltr'><strong>codd„</strong></span> <span class='ocrx_word' id='word_1_236' title='bbox 667 2954 913 3019; x_wconf 78' lang='grc' dir='ltr'><strong><em>ἐπιξύειν</em></strong></span> <span class='ocrx_word' id='word_1_237' title='bbox 948 2953 1222 3007; x_wconf 80' lang='lat' dir='ltr'><strong>Aemilius</strong></span> <span class='ocrx_word' id='word_1_238' title='bbox 1250 2954 1467 3021; x_wconf 76' lang='lat' dir='ltr'><strong>Portus,</strong></span> <span class='ocrx_word' id='word_1_239' title='bbox 1506 2954 1633 3008; x_wconf 86' lang='lat' dir='ltr'><strong><em>Wb.</em></strong></span> <span class='ocrx_word' id='word_1_240' title='bbox 1755 2953 2057 3024; x_wconf 80' lang='grc' dir='ltr'><strong><em>βαθουςΒ</em></strong></span> <span class='ocrx_word' id='word_1_241' title='bbox 2207 2956 2294 3008; x_wconf 73' lang='lat' dir='ltr'><strong><em>ost</em></strong></span> 
     </span>
     <span class='ocr_line' id='line_1_27' title="bbox 262 2973 2296 3096; baseline 0 -17"><span class='ocrx_word' id='word_1_242' title='bbox 262 3022 489 3096; x_wconf 73' lang='grc' dir='ltr'><strong><em>ᾇώγμην</em></strong></span> <span class='ocrx_word' id='word_1_243' title='bbox 529 3024 658 3079; x_wconf 79' lang='lat' dir='ltr'><strong>add.</strong></span> <span class='ocrx_word' id='word_1_244' title='bbox 697 3025 906 3094; x_wconf 80' lang='grc' dir='ltr'><strong><em>ταύτην</em></strong></span> <span class='ocrx_word' id='word_1_245' title='bbox 944 3034 1222 3093; x_wconf 87' lang='grc' dir='ltr'><strong><em>φανεῖσαν</em></strong></span> <span class='ocrx_word' id='word_1_246' title='bbox 1259 3023 1527 3094; x_wconf 78' lang='grc' dir='ltr'><strong><em>μέλαιναν</em></strong></span> <span class='ocrx_word' id='word_1_247' title='bbox 1565 3025 1631 3091; x_wconf 90' lang='lat' dir='ltr'><strong><em>V,</em></strong></span> <span class='ocrx_word' id='word_1_248' title='bbox 1681 3043 1785 3079; x_wconf 88' lang='lat' dir='ltr'><strong><em>om.</em></strong></span> <span class='ocrx_word' id='word_1_249' title='bbox 1826 3025 1871 3077; x_wconf 93' lang='lat' dir='ltr'>B</span> <span class='ocrx_word' id='word_1_250' title='bbox 2026 3029 2056 3077; x_wconf 88' lang='grc'><strong>9</strong></span> <span class='ocrx_word' id='word_1_251' title='bbox 2097 2973 2212 3090; x_wconf 57' lang='grc' dir='ltr'><strong><em>ἐξῖ</em></strong></span> <span class='ocrx_word' id='word_1_252' title='bbox 2184 3029 2296 3089; x_wconf 86' lang='grc' dir='ltr'><strong><em>εις</em></strong></span> 
     </span>
    </p>

    <p class='ocr_par' dir='ltr' id='par_1_6' title="bbox 301 3095 2294 3166">
     <span class='ocr_line' id='line_1_28' title="bbox 301 3095 2294 3166; baseline 0 -17"><span class='ocrx_word' id='word_1_253' title='bbox 301 3097 617 3164; x_wconf 83' lang='grc' dir='ltr'><strong><em>,ἀφανεαν</em></strong></span> <span class='ocrx_word' id='word_1_254' title='bbox 653 3113 906 3166; x_wconf 83' lang='grc' dir='ltr'><strong><em>ποιησεις</em></strong></span> <span class='ocrx_word' id='word_1_255' title='bbox 939 3095 985 3147; x_wconf 93' lang='grc' dir='ltr'>Β</span> <span class='ocrx_word' id='word_1_256' title='bbox 1115 3102 1180 3149; x_wconf 90' lang='grc'>10</span> <span class='ocrx_word' id='word_1_257' title='bbox 1216 3095 1576 3166; x_wconf 81' lang='grc' dir='ltr'><strong><em>περιέρρηξεν</em></strong></span> <span class='ocrx_word' id='word_1_258' title='bbox 1613 3097 1768 3165; x_wconf 88' lang='lat' dir='ltr'>BPq.</span> <span class='ocrx_word' id='word_1_259' title='bbox 1878 3115 1983 3165; x_wconf 88' lang='grc' dir='ltr'><strong><em>περ</em></strong></span> <span class='ocrx_word' id='word_1_260' title='bbox 2024 3096 2214 3166; x_wconf 77' lang='grc' dir='ltr'><strong><em>ἔρρηξε</em></strong></span> <span class='ocrx_word' id='word_1_261' title='bbox 2243 3095 2294 3149; x_wconf 98' lang='lat' dir='ltr'><strong>V</strong></span> 
     </span>
    </p>

    <p class='ocr_par' dir='ltr' id='par_1_7' title="bbox 264 3165 2293 3594">
     <span class='ocr_line' id='line_1_29' title="bbox 338 3165 2291 3290; baseline 0.002 -71"><span class='ocrx_word' id='word_1_262' title='bbox 338 3172 403 3220; x_wconf 82' lang='lat'><strong><em>12</em></strong></span> <span class='ocrx_word' id='word_1_263' title='bbox 439 3186 512 3221; x_wconf 87' lang='grc' dir='ltr'><strong><em>τα</em></strong></span> <span class='ocrx_word' id='word_1_264' title='bbox 549 3185 848 3237; x_wconf 73' lang='grc' dir='ltr'><strong><em>πραγματα</em></strong></span> <span class='ocrx_word' id='word_1_265' title='bbox 863 3184 986 3290; x_wconf 85' lang='lat' dir='ltr'><strong><em>1pro</em></strong></span> <span class='ocrx_word' id='word_1_266' title='bbox 1023 3175 1249 3257; x_wconf 81' lang='grc' dir='ltr'><strong><em>πρῆγμα</em></strong></span> <span class='ocrx_word' id='word_1_267' title='bbox 1281 3167 1328 3220; x_wconf 96' lang='grc' dir='ltr'>Β</span> <span class='ocrx_word' id='word_1_268' title='bbox 1429 3188 1630 3237; x_wconf 87' lang='grc' dir='ltr'><strong><em>αυτεης</em></strong></span> <span class='ocrx_word' id='word_1_269' title='bbox 1655 3167 1701 3220; x_wconf 93' lang='grc' dir='ltr'>Β</span> <span class='ocrx_word' id='word_1_270' title='bbox 1800 3187 2047 3258; x_wconf 75' lang='grc' dir='ltr'><strong><em>γιγνοιτο</em></strong></span> <span class='ocrx_word' id='word_1_271' title='bbox 2076 3167 2138 3234; x_wconf 95' lang='grc' dir='ltr'><strong><em>Β,</em></strong></span> <span class='ocrx_word' id='word_1_272' title='bbox 2178 3165 2291 3237; x_wconf 78' lang='grc' dir='ltr'><strong><em>γέν.</em></strong></span> 
     </span>
     <span class='ocr_line' id='line_1_30' title="bbox 264 3235 2292 3328; baseline 0 -38"><span class='ocrx_word' id='word_1_273' title='bbox 264 3236 330 3303; x_wconf 93' lang='lat' dir='ltr'><strong><em>V,</em></strong></span> <span class='ocrx_word' id='word_1_274' title='bbox 370 3238 570 3308; x_wconf 81' lang='lat' dir='ltr'><strong>scripsi</strong></span> <span class='ocrx_word' id='word_1_275' title='bbox 607 3235 714 3308; x_wconf 77' lang='grc' dir='ltr'><strong><em>γίν.</em></strong></span> <span class='ocrx_word' id='word_1_276' title='bbox 896 3237 1186 3328; x_wconf 76' lang='grc' dir='ltr'><strong><em>3βάθους</em></strong></span> <span class='ocrx_word' id='word_1_277' title='bbox 1221 3238 1322 3291; x_wconf 93' lang='lat' dir='ltr'><strong><em>BV</em></strong></span> <span class='ocrx_word' id='word_1_278' title='bbox 1467 3244 1534 3291; x_wconf 81' lang='lat'><strong><em>14</em></strong></span> <span class='ocrx_word' id='word_1_279' title='bbox 1573 3239 1630 3302; x_wconf 83' lang='grc' dir='ltr'><strong><em>ἐς</em></strong></span> <span class='ocrx_word' id='word_1_280' title='bbox 1663 3258 1740 3308; x_wconf 89' lang='grc' dir='ltr'><strong><em>πρ</em></strong></span> <span class='ocrx_word' id='word_1_281' title='bbox 1745 3240 1835 3292; x_wconf 80' lang='grc' dir='ltr'><strong><em>,ἀ</em></strong></span> <span class='ocrx_word' id='word_1_282' title='bbox 1838 3238 2006 3307; x_wconf 82' lang='grc' dir='ltr'><strong><em>φήκει</em></strong></span> <span class='ocrx_word' id='word_1_283' title='bbox 2041 3238 2104 3305; x_wconf 91' lang='grc' dir='ltr'><strong><em>Β,</em></strong></span> <span class='ocrx_word' id='word_1_284' title='bbox 2158 3236 2292 3306; x_wconf 82' lang='grc' dir='ltr'><strong><em>ἀφί-</em></strong></span> 
     </span>
     <span class='ocr_line' id='line_1_31' title="bbox 265 3244 2291 3398; baseline 0 -36"><span class='ocrx_word' id='word_1_285' title='bbox 265 3327 351 3362; x_wconf 83' lang='grc' dir='ltr'><strong><em>κει</em></strong></span> <span class='ocrx_word' id='word_1_286' title='bbox 389 3308 444 3371; x_wconf 78' lang='grc' dir='ltr'><strong><em>ἐς</em></strong></span> <span class='ocrx_word' id='word_1_287' title='bbox 478 3327 571 3377; x_wconf 86' lang='grc' dir='ltr'><strong><em>πρ.</em></strong></span> <span class='ocrx_word' id='word_1_288' title='bbox 611 3309 663 3362; x_wconf 94' lang='lat' dir='ltr'><strong>V</strong></span> <span class='ocrx_word' id='word_1_289' title='bbox 808 3244 891 3361; x_wconf 71' lang='lat'>141.</span> <span class='ocrx_word' id='word_1_290' title='bbox 923 3314 988 3361; x_wconf 86' lang='lat'><strong><em>15</em></strong></span> <span class='ocrx_word' id='word_1_291' title='bbox 1026 3308 1061 3377; x_wconf 84' lang='grc' dir='ltr'>ἡ</span> <span class='ocrx_word' id='word_1_292' title='bbox 1100 3309 1169 3378; x_wconf 73' lang='grc' dir='ltr'><strong><em>δὴ</em></strong></span> <span class='ocrx_word' id='word_1_293' title='bbox 1136 3310 1440 3398; x_wconf 78' lang='grc' dir='ltr'><strong><em>ητοιαύτη</em></strong></span> <span class='ocrx_word' id='word_1_294' title='bbox 1476 3309 1591 3377; x_wconf 87' lang='lat' dir='ltr'><strong>BV,</strong></span> <span class='ocrx_word' id='word_1_295' title='bbox 1636 3260 1740 3379; x_wconf 72' lang='grc' dir='ltr'><strong><em>δὴρ</em></strong></span> <span class='ocrx_word' id='word_1_296' title='bbox 1746 3326 1850 3363; x_wconf 90' lang='lat' dir='ltr'><strong><em>om</em></strong></span> <span class='ocrx_word' id='word_1_297' title='bbox 1890 3310 2069 3378; x_wconf 58' lang='lat' dir='ltr'><strong>vulg„</strong></span> <span class='ocrx_word' id='word_1_298' title='bbox 2108 3308 2217 3377; x_wconf 82' lang='grc' dir='ltr'><strong><em>ἤδη</em></strong></span> <span class='ocrx_word' id='word_1_299' title='bbox 2255 3307 2291 3374; x_wconf 77' lang='grc' dir='ltr'><em>ἡ</em></span> 
     </span>
     <span class='ocr_line' id='line_1_32' title="bbox 265 3378 2293 3449; baseline -0.001 -18"><span class='ocrx_word' id='word_1_300' title='bbox 265 3378 407 3432; x_wconf 85' lang='lat' dir='ltr'><strong><em>th.</em></strong></span> <span class='ocrx_word' id='word_1_301' title='bbox 557 3385 623 3434; x_wconf 86' lang='lat'><strong><em>15</em></strong></span> <span class='ocrx_word' id='word_1_302' title='bbox 661 3380 766 3449; x_wconf 77' lang='grc' dir='ltr'><strong><em>ξυμ</em></strong></span> <span class='ocrx_word' id='word_1_303' title='bbox 770 3399 828 3448; x_wconf 90' lang='grc' dir='ltr'><strong><em>φ.</em></strong></span> <span class='ocrx_word' id='word_1_304' title='bbox 870 3380 1027 3433; x_wconf 83' lang='lat' dir='ltr'>codd</span> <span class='ocrx_word' id='word_1_305' title='bbox 1178 3386 1242 3433; x_wconf 82' lang='lat'><strong><em>17</em></strong></span> <span class='ocrx_word' id='word_1_306' title='bbox 1284 3399 1371 3434; x_wconf 91' lang='grc' dir='ltr'><strong><em>οπ.</em></strong></span> <span class='ocrx_word' id='word_1_307' title='bbox 1411 3380 1463 3434; x_wconf 93' lang='lat' dir='ltr'><strong>V</strong></span> <span class='ocrx_word' id='word_1_308' title='bbox 1500 3382 1559 3434; x_wconf 71' lang='lat' dir='ltr'><strong><em>et</em></strong></span> <span class='ocrx_word' id='word_1_309' title='bbox 1593 3381 1629 3432; x_wconf 88' lang='lat' dir='ltr'><strong><em>i.</em></strong></span> <span class='ocrx_word' id='word_1_310' title='bbox 1668 3399 1738 3433; x_wconf 89' lang='lat' dir='ltr'><strong><em>m.</em></strong></span> <span class='ocrx_word' id='word_1_311' title='bbox 1778 3380 1854 3433; x_wconf 72' lang='grc' dir='ltr'><strong><em>Β2</em></strong></span> <span class='ocrx_word' id='word_1_312' title='bbox 2014 3384 2079 3432; x_wconf 85' lang='lat'><strong><em>19</em></strong></span> <span class='ocrx_word' id='word_1_313' title='bbox 2117 3380 2293 3438; x_wconf 79' lang='grc' dir='ltr'><strong><em>ἄλλως</em></strong></span> 
     </span>
     <span class='ocr_line' id='line_1_33' title="bbox 268 3448 2293 3519; baseline -0.002 -17"><span class='ocrx_word' id='word_1_314' title='bbox 268 3449 512 3518; x_wconf 81' lang='grc' dir='ltr'><strong><em>ἀπριστω</em></strong></span> <span class='ocrx_word' id='word_1_315' title='bbox 552 3451 642 3519; x_wconf 81' lang='grc' dir='ltr'><strong><em>ἐψ.</em></strong></span> <span class='ocrx_word' id='word_1_316' title='bbox 685 3450 747 3505; x_wconf 83' lang='grc' dir='ltr'><strong><em>δὲ</em></strong></span> <span class='ocrx_word' id='word_1_317' title='bbox 784 3450 881 3504; x_wconf 81' lang='grc' dir='ltr'><strong><em>καὶ</em></strong></span> <span class='ocrx_word' id='word_1_318' title='bbox 916 3451 962 3503; x_wconf 92' lang='grc' dir='ltr'>Β</span> <span class='ocrx_word' id='word_1_319' title='bbox 1072 3452 1201 3518; x_wconf 78' lang='grc' dir='ltr'><strong><em>ἀπρ.</em></strong></span> <span class='ocrx_word' id='word_1_320' title='bbox 1241 3454 1300 3507; x_wconf 70' lang='lat' dir='ltr'><strong><em>eb</em></strong></span> <span class='ocrx_word' id='word_1_321' title='bbox 1337 3450 1399 3507; x_wconf 76' lang='grc' dir='ltr'><strong><em>δὲ</em></strong></span> <span class='ocrx_word' id='word_1_322' title='bbox 1435 3451 1534 3505; x_wconf 83' lang='grc' dir='ltr'><strong><em>καὶ</em></strong></span> <span class='ocrx_word' id='word_1_323' title='bbox 1571 3467 1675 3503; x_wconf 87' lang='lat' dir='ltr'><strong><em>om.</em></strong></span> <span class='ocrx_word' id='word_1_324' title='bbox 1708 3453 1811 3504; x_wconf 72' lang='lat' dir='ltr'><strong>oet.</strong></span> <span class='ocrx_word' id='word_1_325' title='bbox 1959 3454 2027 3501; x_wconf 83' lang='lat'><strong><em>20</em></strong></span> <span class='ocrx_word' id='word_1_326' title='bbox 2065 3448 2128 3501; x_wconf 80' lang='grc' dir='ltr'><strong><em>δὲ</em></strong></span> <span class='ocrx_word' id='word_1_327' title='bbox 2163 3448 2293 3515; x_wconf 65' lang='lat' dir='ltr'>posfi</span> 
     </span>
     <span class='ocr_line' id='line_1_34' title="bbox 267 3520 1005 3594; baseline 0.004 -21"><span class='ocrx_word' id='word_1_328' title='bbox 267 3520 350 3594; x_wconf 75' lang='grc' dir='ltr'><strong><em>ὑγ.</em></strong></span> <span class='ocrx_word' id='word_1_329' title='bbox 390 3521 496 3575; x_wconf 84' lang='lat' dir='ltr'><strong>del.</strong></span> <span class='ocrx_word' id='word_1_330' title='bbox 536 3521 663 3575; x_wconf 87' lang='lat' dir='ltr'><strong><em>Wb.</em></strong></span> <span class='ocrx_word' id='word_1_331' title='bbox 776 3522 928 3585; x_wconf 83' lang='grc' dir='ltr'><strong><em>σινὸς</em></strong></span> <span class='ocrx_word' id='word_1_332' title='bbox 953 3520 1005 3576; x_wconf 89' lang='lat' dir='ltr'><strong>V</strong></span> 
     </span>
    </p>
   </div>
  </div>
 </body>
</html>
