2588 3876
978 182 1374 235 MOXAIKON
1413 184 1479 233 38
2104 179 2236 243 269

212 349 273 411 εἰ
326 347 399 412 δὲ
435 350 555 431 μή,
603 347 705 410 δεῖ
740 345 969 430 ῥάκεσι
1004 345 1573 430 προκατειλίχθαι·
1633 341 2037 408 ἐσκευάσθαι
2073 341 2236 428 πρὶν

212 453 256 537 ἢ
303 452 393 524 ἐν4
428 462 622 538 τῇσιν
677 451 1003 537 ἀνάγκῃσι
1047 451 1262 515 πάντα
1318 449 1950 535 συμμεμετρημένως
1993 451 2074 514 τὰ
2118 453 2238 534 μήψ

211 584 330 626 κεα
365 561 477 625 καὶ
512 560 686 637 ὕψεα
721 556 832 623 καὶ
870 560 1083 643 εὕρεα.
1156 558 1458 632 διάτασις
1486 548 1634 621 οἷον
1670 566 1913 641 μηροῦ·
1950 558 2023 622 τὸ
2061 558 2238 641 παρὰ

211 668 481 752 σφυρὸν
527 665 843 730 δεδέσθαι
889 663 998 729 καὶ
1037 665 1174 728 ἄνω
1212 672 1334 728 τοῦ
1372 663 1723 746 γούνατος,
1771 672 1978 728 ταῦτα
2012 659 2137 745 μὲν
2173 661 2241 740 ἐς

211 776 288 839 τὸ
346 773 509 838 αὐτὸ
564 775 892 837 τείνοντα·
962 771 1139 855 παρὰ
1185 768 1244 835 δ’
1304 768 1452 848 ἰξὺν
1509 768 1620 834 καὶ
1678 768 1829 855 περὶ
1884 770 2238 854 μασχάλας,
2295 793 2320 833 5

209 880 326 946 καὶ
382 881 546 945 κατὰ
601 880 912 964 περίνεον
965 875 1075 942 καὶ
1129 887 1360 962 μηρῶν
1415 878 1489 941 τὸ
1545 874 1816 960 μεταξύ,
1877 886 1991 960 τῆς
2038 876 2243 961 ἀρχῆς

206 989 287 1053 τὸ
324 983 449 1072 μὲν
485 984 593 1051 ἐπὶ
630 986 705 1050 τὸ
745 990 1024 1067 στῆθος,
1069 985 1142 1048 τὸ
1173 981 1230 1047 δ’
1268 981 1376 1048 ἐπὶ
1413 993 1629 1048 νῶτον
1666 985 1989 1066 τείνοντα,
2036 993 2243 1048 ταῦτα

209 1093 275 1160 δ’
338 1092 407 1171 ἐς
467 1094 547 1157 τὰ
612 1090 972 1157 ἀπεναντία-
1032 1093 1389 1157 τεινόντων
1450 1087 1907 1175 προσδεθέντα
1969 1088 2010 1172 ἢ
2076 1090 2243 1175 πρὸς

209 1199 605 1286 ὑπεροειδέα
648 1197 689 1281 ἦ
735 1199 900 1283 πρὸς
947 1199 1125 1262 ὄνον.
1199 1195 1308 1261 ἐπὶ
1354 1196 1475 1278 μὲν
1513 1191 1637 1261 οὖν
1673 1200 1903 1280 κλίνης
1947 1195 2242 1263 ποιέοντι

209 1316 416 1373 τοῦτο
464 1306 586 1388 μὲν
630 1316 765 1370 τῶν
810 1306 1037 1370 ποδῶν
1089 1305 1254 1389 πρὸς
1309 1303 1517 1368 οὐδὸν
1570 1303 1692 1388 χρὴ
1749 1301 2026 1386 ἐρεῖσαι,
2079 1303 2244 1386 πρὸς
2271 1327 2324 1367 10

211 1414 291 1478 δὲ
336 1413 411 1477 τὸ
459 1410 686 1496 ἕτερον
733 1409 934 1489 ξύλον
965 1409 973 1496 Ι
1008 1411 1285 1495 ἰσχυρὸν
1329 1410 1614 1492 πλάγιον
1659 1412 2225 1495 παραβεβλῆσθαι,
2246 1423 2349 1473 386

212 1521 296 1585 τὰ
345 1514 419 1583 δὲ
464 1519 763 1603 ὕπερθεν
807 1515 1199 1603 ὑπεροειδέα
1243 1518 1409 1601 πρὸς
1453 1525 1659 1581 ταῦτα
1706 1516 2243 1602 άντιστηρίζοντα

216 1628 599 1709 διατείνειν,
636 1624 677 1709 ἢ
708 1628 1008 1708 πλήμνας
1034 1622 1487 1709 κατορύξαντα
1523 1622 1564 1706 ’ἢ
1602 1625 1884 1705 κλίμακα
1921 1621 2242 1688 διαθέντα

217 1732 705 1817 ἀμφοτέρωθεν
760 1731 987 1796 ὠθεῖν.
1069 1731 1144 1795 τὸ
1201 1726 1276 1796 δὲ
1332 1733 1592 1795 κοινόν·
1658 1727 1847 1806 σανὶς
1903 1727 2242 1813 ἑξάπηχυς,

216 1835 416 1923 εὖρος
476 1840 788 1922 δίπηχυς,
852 1838 1058 1920 πάχος
1121 1842 1490 1919 σπιθαμῆς,
1555 1838 1799 1919 ἔχουσα
1858 1838 2057 1912 ὅνους
2118 1836 2242 1902 δύο
2272 1859 2324 1900 15

216 1948 575 2022 ταπεινοὺς
621 1948 824 2011 ἔνθεν
869 1943 979 2009 καὶ
1017 1947 1249 2027 ἔνθεν,
1297 1947 1540 2028 ἔχουσα
1578 1938 1651 2007 δὲ
1686 1941 1796 2007 καὶ
1833 1944 1996 2008 κατὰ
2041 1943 2245 2024 μέσον

218 2055 620 2129 στυλίσκους
666 2051 1109 2137 συμμέτρους,
1156 2049 1261 2136 ἐφ’
1308 2045 1405 2116 ὧν
1442 2051 1530 2127 ὡς
1574 2051 1934 2135 κλιμακτὴρ
1981 2047 2245 2115 ἐπέσται

217 2158 288 2236 ἐς
351 2160 474 2242 τὴν
530 2159 901 2224 ὑπόστασιν
963 2166 1055 2246 τῷ
1120 2156 1326 2246 ξύλῳ,
1401 2158 1619 2243 ὥσπερ
1685 2164 1775 2244 τῷ
1840 2154 1977 2221 κατ’
2038 2153 2245 2239 ὦμον·

217 2266 691 2349 καταγλύφους
728 2262 801 2330 δὲ
839 2265 1056 2350 ὥσπερ
1087 2267 1333 2348 ληνοὺς
1368 2266 1548 2340 λείας
1583 2251 1777 2348 ἔχειν,
1815 2264 2246 2348 τετραδακτύ-

220 2378 408 2449 λους-
438 2367 632 2457 εὖρος
685 2369 796 2436 καὶ
842 2371 1084 2454 βάθος,
1139 2372 1250 2436 καὶ
1296 2373 1630 2438 διαλιπεῖν
1673 2379 2026 2453 τοσοῦτον,
2083 2369 2244 2434 ὅσον
2273 2393 2338 2432 20.

220 2479 390 2564 αὐτῇ
437 2487 517 2564 τῇ
564 2478 912 2562 μοχλεύσει
958 2475 1026 2554 ἐς
1070 2478 1471 2563 διόρθωσιν·
1541 2475 1618 2543 ἐν
1670 2475 1847 2565 μέσῳ
1905 2477 1978 2541 δὲ
2023 2475 2247 2563 τετρά-

367 2675 396 2722 1
438 2670 488 2724 εἰ
524 2670 586 2725 δὲ
622 2670 783 2738 Lim,
822 2668 932 2725 ἰδέι
959 2669 995 2738 ἠ
1032 2686 1134 2740 pro
1163 2669 1305 2725 εἰδὲ
1341 2670 1417 2735 Μ,
1465 2668 1585 2737 ἰδέη
1626 2668 1713 2722 vel
1742 2667 1894 2740 εἰδέῃ
1931 2670 2034 2721 cet.
2066 2668 2245 2734 codd„

224 2741 275 2797 εἰ
318 2741 419 2812 δέῃ
448 2741 596 2809 vulg.
626 2741 743 2809 Pq.‚
782 2740 833 2794 εἰ
868 2740 1003 2808 δέοι,
1043 2737 1164 2811 ῥ’άκ.
1204 2740 1325 2810 (μή,
1363 2743 1455 2795 δεῖ
1488 2740 1618 2809 del.)
1646 2740 1793 2793 Erm.
1901 2742 2246 2808 προσκατειλ.

219 2813 283 2866 Μ
384 2812 723 2867 ἔσκευᾶσθαι
759 2812 818 2864 Μ
853 2812 1002 2881 vulg.
1131 2818 1163 2865 5
1202 2813 1391 2878 δεῑξυν
1419 2812 1503 2878 M,
1542 2809 1597 2866 δ’
1641 2811 1755 2877 ἱξύι
1782 2812 1886 2864 oet.
2025 2817 2055 2864 6
2093 2808 2248 2878 περί-

223 2940 390 2974 ναιον
427 2917 693 2984 BERN,
748 2901 1047 2986 περιναῗοῦ
1086 2918 1146 2971 Μ
1288 2926 1468 2988 μηροῦ
1513 2918 1598 2984 Μ,
1645 2918 1822 2987 μηρὸν
1861 2918 1990 2983 cet„
2049 2916 2248 2985 scripsi

223 3012 264 3060 μ
301 2999 414 3059 ρῶν
523 2990 586 3044 τὸ
625 3008 737 3058 μετ.
777 2989 1003 3059 scripsi,
1038 2989 1109 3044 τὰ
1145 3009 1199 3058 μ.
1229 2990 1391 3044 codd.
1501 2990 1600 3044 καὶ
1636 3009 1687 3057 μ.
1716 2989 1780 3043 τὸ
1817 3008 1930 3057 μετ.
1969 2987 2248 3059 glossema

226 3077 261 3114 a
337 3061 480 3116 κατὰ
517 3080 637 3128 περ.
665 3060 953 3130 pertinens
991 3076 1111 3115 esse
1139 3060 1459 3130 suspicatur
1484 3061 1632 3114 Erm.
1749 3065 1781 3113 8
1821 3059 1877 3121 ἐς
1902 3058 1972 3113 τὰ
2001 3060 2248 3113 ἀπεναν-

225 3130 317 3185 τία
354 3133 577 3202 scripsi,
635 3132 692 3193 ἐς
725 3132 789 3186 τὸ
827 3132 939 3186 ὑπὸ
976 3130 1203 3188 ἅπαντα
1241 3132 1430 3197 codd.‚
1469 3132 1526 3193 ἐς
1569 3131 1633 3185 τὸ
1672 3131 1810 3185 αὐτὸ
1848 3130 2075 3185 ἅπαντα
2111 3129 2245 3184 Litt.

366 3202 622 3259 τείνοντα
677 3202 811 3257 Litt.
997 3209 1059 3255 13
1115 3203 1426 3271 κατορύξας
1480 3202 1669 3269 codd.‚
1734 3222 1905 3255 -αντα
1960 3202 2094 3255 Litt.

230 3279 297 3326 14
352 3273 556 3329 ὠθέειν
611 3275 772 3329 codd.
900 3274 1029 3342 περὶ
1087 3281 1186 3342 τῆς
1238 3282 1338 3328 τοῦ
1395 3272 1618 3345 βάθρου
1682 3280 2027 3340 κατασκευῆς
2080 3272 2115 3325 i.
2172 3291 2244 3326 m.

226 3344 547 3399 MHIJKU
657 3351 723 3399 17
755 3346 913 3415 ξυμμ.
945 3344 1119 3411 codd..
1190 3341 1283 3413 ἐφ’
1318 3344 1402 3411 Μ,
1443 3343 1498 3409 ἐξ
1528 3345 1632 3399 eet.
1715 3347 2249 3413 κλιμακτῆρεπεσται

225 3416 302 3486 Μ,
348 3418 714 3505 κλιμακτῆρες
756 3416 955 3471 πεσταὶ
993 3417 1096 3470 cet.
1137 3417 1318 3483 codd„
1355 3415 1657 3485 κλιμακτὴρ
1698 3413 1968 3484 ἥρμοσται
2005 3413 2137 3467 Litt.

229 3492 296 3541 18
325 3506 432 3541 κατ
476 3482 628 3556 ὦμον
656 3487 808 3554 Litt„
836 3483 963 3542 κατ’
988 3487 1115 3560 ὤμῳ
1144 3487 1305 3541 codd.
1393 3491 1457 3539 19
1487 3484 1850 3555 καταγλυφὰς
1868 3485 1955 3540 vel
1974 3483 2250 3545 καπέτους

225 3576 414 3614 verum
454 3574 575 3612 esse
613 3558 929 3627 suspicatur
963 3558 1096 3612 Litt.
