2588 3876
904 146 1079 199 ΠΕΡΙ
1112 145 1371 198 Arm
1409 149 1476 197 16
2115 143 2199 207 73

180 301 248 369 δ’
300 303 628 391 ἐπιδήσῃς,
662 313 1062 373 ,καταθεῖναι
1107 304 1212 391 ἐφ’
1265 306 1518 392 ὁμαλοῦ
1563 330 1747 384 τινος
1791 305 1902 373 καὶ
1946 313 2202 392 μαλθα-

189 419 325 495 κοῦ,
383 413 552 478 ὥστε
606 415 693 498 μὴ
754 414 1198 498 ὃιεστράφθαι
1250 413 1293 497 ἢ
1346 422 1425 498 τῇ
1479 413 1522 497 ἢ
1573 422 1682 499 τῇ,
1740 415 1900 498 μήτε
1954 415 2201 499 λορδὸν

188 519 338 601 μήτε
363 520 590 604 κυφὸν
621 515 810 585 εἶναι.
872 521 1154 604 μάλιστα
1191 515 1265 585 δὲ
1303 518 1630 604 συμφέρει
1664 522 2202 605 προσκεφάλαιον

186 622 225 707 ἢ
251 626 478 691 λίνεον
515 625 555 710 ἢ
590 624 874 711 ἐρίνεον,
894 627 981 710 μὴ
1010 628 1323 711 σκληρόν,
1341 624 1546 710 μέσον
1576 628 1741 691 κατὰ
1775 637 1979 711 μῆκος
2012 630 2200 711 πονή-

186 747 386 796 σαντα
428 736 733 818 λαπαρόν
779 732 1141 798 ὑποθεῖναι
1185 733 1225 817 ἢ
1271 733 1434 796 ἄλλο
1480 755 1544 797 τι
1591 731 1627 797 ὃ
1672 734 1887 821 τούτῳ
1940 730 2133 800 ἔοικε.
2250 757 2274 797 5

320 838 488 923 Περὶ
534 840 661 926 γὰρ
697 850 834 905 τῶν
879 842 1198 924 σωλήνων
1232 849 1368 905 τῶν
1402 837 1905 920 ὑποτιθεμένων
1941 840 2074 905 ὑπὸ
2120 842 2203 906 τὰ

185 943 408 1010 σκέλεα
470 948 555 1011 τὰ
614 949 976 1030 κατεηγότα
1038 944 1297 1030 ἀπορέω
1354 945 1390 1010 ὅ
1444 970 1509 1011 τι
1571 948 2077 1030 συμβουλεύσω,
2141 949 2201 1012 εἰ

186 1049 580 1117 ὑποτιθέναι
616 1053 738 1140 χρὴ
776 1052 816 1137 ἢ
855 1053 962 1117 οὔ·
1000 1050 1367 1137 ὠφελέουσι
1403 1052 1526 1134 μὲν
1560 1052 1709 1137 γάρ,
1755 1052 1877 1137 οὐχ
1918 1053 2082 1119 ὅσον
2126 1053 2203 1118 δὲ

187 1158 245 1222 οἱ
277 1157 712 1236 ὑποτιθέντες
749 1164 1022 1224 οἴονται.
1097 1159 1178 1224 οὑ
1215 1159 1343 1245 γὰρ
1385 1156 1393 1245 Ι
1435 1158 1917 1242 ἀναγκάζουσιν
1954 1161 2019 1225 οἱ
2056 1177 2182 1224 σω-
2201 1174 2304 1222 476

187 1269 370 1348 λῆνες
415 1265 746 1351 ἀτρεμεῖν,
793 1266 883 1342 ὡς
928 1266 1210 1331 οἴονται·
1259 1266 1415 1330 οὔτε
1449 1267 1576 1350 γὰρ
1613 1273 1705 1354 τῷ
1735 1267 1912 1354 ἄλλῳ
1951 1267 2200 1350 σώματι
2226 1291 2279 1331 ιο

186 1370 603 1458 στρεφομένῳ
670 1374 841 1437 ἔνθα
897 1370 938 1455 ἢ
1004 1375 1174 1436 ἔνθα
1236 1370 1666 1455 ἑπαναγκάζει
1731 1371 1767 1437 ὁ
1832 1374 2052 1456 σωλὴν
2111 1375 2199 1457 μὴ

189 1475 674 1544 ἐπακολουθεῖν
717 1480 792 1543 τὸ
841 1477 1099 1561 σκέλοςρ
1146 1478 1232 1561 ἢν
1274 1478 1361 1561 μὴ
1409 1476 1789 1563 ἐπιμελῆται
1835 1479 2033 1556 αὐτὸς
2077 1480 2201 1545 ὥν-

187 1588 482 1669 θρωπος,
540 1586 693 1650 οὔτε
740 1585 902 1650 αὐτὸ
948 1586 1022 1650 τὸ
1069 1582 1300 1660 σκέλος
1346 1585 1507 1649 ἄνευ
1565 1593 1688 1649 τοῦ
1735 1586 2033 1669 σώματος
2079 1609 2201 1650 κω-

188 1692 320 1755 λύει
366 1692 402 1757 ὁ
456 1693 680 1776 σωλὴν
722 1698 1084 1775 κινηθῆναι
1128 1689 1169 1774 ἢ
1215 1701 1294 1776 τῇ
1340 1688 1381 1773 ἢ
1429 1699 1523 1777 τῇ.
1589 1689 1755 1755 ἀλλὰ
1800 1693 1934 1775 μὴν
1978 1691 2201 1776 ἀστερ-

188 1795 404 1883 γέστερ
414 1801 495 1863 όν
521 1821 597 1882 γε
634 1796 839 1875 ξύλον
872 1798 1344 1880 ὑποτετάσθαι,
1382 1796 1467 1881 ἢν
1493 1798 1581 1881 μὴ
1610 1797 1785 1878 ὁμῶς
1821 1792 2007 1874 αὖτις
2042 1803 2201 1881 μαλ-
2229 1821 2279 1862 16

188 1907 396 1971 θακόν
453 1928 518 1970 τι
564 1904 629 1983 ἐς
676 1904 836 1971 αὐτὸ
885 1904 1140 1990 ἐντεθῇ.
1213 1904 1736 1991 εὐχρηστότατον
1782 1902 1863 1968 δέ
1903 1904 2084 1970 ἐστιν
2127 1901 2202 1970 ἔν

189 2034 251 2075 τε
290 2023 444 2098 τῇσι
487 2013 1075 2098 μεθυποστρώσεσι
1112 2010 1223 2076 καὶ
1261 2010 1338 2075 ἐν
1371 2021 1565 2097 τῇσιν
1600 2010 1667 2089 ἐς
1705 2012 1966 2095 ἄφοδον
2000 2030 2203 2097 προσ-

189 2123 566 2204 χωρήσεσιν.
659 2121 841 2184 ἔστιν
886 2113 1012 2183 οὖν
1056 2120 1186 2184 σὺν
1239 2123 1489 2201 σωλῆνι
1533 2116 1644 2183 καὶ
1689 2119 1851 2183 ἄνευ
1906 2124 2202 2202 σωλῆνος

191 2224 289 2290 καὶ
323 2231 544 2302 καλῶς
579 2223 690 2290 καὶ
727 2226 1014 2309 αἰσχρῶς
1047 2225 1691 2289 κατασκευάσασθαι·
1737 2227 2203 2309 πιθανώτερον

192 2331 257 2396 δὲ
297 2342 477 2398 τοῖσι
533 2332 897 2416 δημότησίν
942 2329 1124 2395 ἐστιν
1159 2328 1269 2395 καὶ
1315 2331 1434 2395 τὸν
1482 2331 1711 2417 ἰητρὸν
1756 2330 2202 2416 ἄναμαρτητό-
2228 2357 2281 2396 20

321 2550 351 2596 1
395 2540 618 2611 ἐπιδέης
652 2540 772 2594 MV
844 2536 940 2594 ἐπ’
980 2540 1042 2605 Β,
1083 2536 1177 2608 ἐφ’
1212 2542 1315 2594 cet.
1427 2545 1457 2592 2
1496 2538 1531 2608 ἡ
1570 2558 1636 2608 τη
1674 2539 1710 2609 ἡ
1747 2559 1831 2609 τη,
1868 2540 2024 2609 prius
2061 2540 2098 2609 ἡ
2134 2559 2201 2609 τη

188 2615 315 2668 mut.
355 2614 418 2666 in
456 2612 493 2679 ἥ
528 2632 633 2680 τοι,
671 2611 910 2666 alterum
948 2610 1053 2664 del.
1084 2609 1159 2663 Β8
1254 2616 1284 2664 3
1323 2612 1490 2680 ξυμφ.
1520 2610 1680 2664 codd.
1782 2617 1817 2663 4
1852 2610 2036 2666 λινέον
2073 2610 2132 2663 Μ

192 2683 398 2751 ἐρινέον
434 2684 510 2751 Μ,
550 2682 763 2751 ἐρινεὸν
800 2681 852 2735 V
961 2687 993 2735 5
1029 2685 1155 2735 λαπ.
1197 2684 1329 2735 ante
1366 2681 1480 2751 μέσ.
1522 2681 1712 2736 οοΠοο.
1753 2697 1942 2735 omnes
1978 2684 2203 2750 praeter

189 2753 230 2807 Β
298 2759 614 2823 υποθηιναι
651 2753 714 2820 Β,
751 2754 887 2807 mut.
926 2752 987 2806 in
1023 2752 1359 2809 ὑποτιθέναι
1395 2751 1471 2805 B⁸
1579 2758 1609 2805 7
1649 2754 1779 2806 ante
1818 2751 1849 2807 3
1883 2772 1936 2806 τι
1976 2753 2103 2807 add.
2133 2773 2203 2807 τα

190 2824 272 2894 B¹‚
310 2826 416 2880 del.
446 2826 520 2878 B³
627 2825 782 2894 ξυμβ.
813 2823 935 2877 MV
1033 2821 1068 2892 ἢ
1104 2823 1254 2890 libri,
1304 2825 1355 2878 εἰ
1391 2823 1523 2877 Litt.
1634 2828 1667 2875 8
1703 2823 1808 2895 χρὴ
1845 2819 1947 2879 οὖν
1973 2823 2062 2890 B1,
2102 2820 2205 2880 οὖν

192 2897 289 2951 del.
330 2899 390 2952 et
423 2895 458 2965 ἢ
497 2896 564 2950 οὐ
603 2912 770 2964 super
814 2895 920 2967 χρὴ
948 2911 1049 2948 scr.
1087 2893 1162 2947 Β8
1271 2899 1338 2948 10
1384 2893 1668 2963 ἀτρεμέειν
1697 2894 1855 2948 codd.
1973 2901 2035 2948 11
2075 2898 2205 2965 post

191 2984 369 3036 στρεφ.
410 2968 538 3021 add.
578 2963 615 3035 ἦ
651 2965 820 3036 vulg„
839 2983 944 3019 om.
964 2965 1011 3018 B
1104 2965 1235 3019 ante
1264 2966 1422 3020 ἐπαν.
1452 2965 1623 3019 verba
1651 2964 2097 3036 ἐπαναγκάζουσι
2121 3012 2130 3020 .
2155 3010 2200 3021 ..

193 3038 329 3094 ἔνθα
365 3038 591 3109 punctis
629 3036 995 3092 circumclusa
1030 3035 1202 3090 iterat
1237 3037 1281 3089 B
1429 3042 1494 3090 12
1535 3035 1973 3093 ἐπακολουθέειν
2009 3037 2201 3105 BMV,

193 3170 268 3219 εῖν
293 3179 401 3217 ree.
513 3165 687 3229 ωνθρ.
716 3160 806 3226 B¹‚
834 3162 971 3214 mut.
1000 3159 1076 3214 B⁸
1110 3159 1171 3213 in
1208 3159 1238 3214 ὁ
1276 3159 1446 3229 ἅνθρ.
1553 3166 1619 3215 13
1658 3161 1796 3216 αὐτὸ
1832 3161 1895 3215 τὸ
1934 3179 2016 3216 σκ.
2032 3161 2098 3227 V,
2130 3110 2204 3215 ατὺ

193 3233 249 3288 τὸ
284 3252 365 3289 σκ.
403 3234 450 3288 Β
487 3232 571 3303 (τὸ
610 3249 678 3286 ss.
708 3232 819 3301 B⁸)‚
856 3231 994 3286 αὐτὸ
1033 3247 1115 3285 σκ.
1154 3232 1230 3297 Μ,
1267 3228 1341 3285 αὖ
1378 3232 1440 3286 τὸ
1477 3232 1576 3301 Pq.
1693 3238 1759 3286 15
1796 3252 1854 3287 τε
1880 3233 2001 3287 MV
2035 3233 2201 3301 vulg„

226 3323 249 3358 ε
280 3322 425 3360 unns
450 3304 500 3357 B
611 3301 758 3373 ὅμως
791 3303 876 3370 Μ,
919 3300 1063 3365 ὅκως
1097 3302 1143 3354 Β
1218 3299 1377 3364 αὖτις
1412 3303 1635 3373 scripsi,
1674 3302 1748 3357 ἄν
1783 3323 1869 3365 τις
1904 3304 2092 3368 codd„
2131 3303 2201 3356 ef.

244 3393 370 3430 em
399 3374 623 3441 XXVII,
649 3378 750 3427 301
848 3379 914 3427 16
951 3373 1153 3444 ἐντεθῇ
1190 3373 1340 3441 libri,
1380 3373 1575 3444 ἐντιθῇ
1624 3374 1782 3429 Lind.
1816 3374 1963 3428 Erm.
2005 3374 2118 3428 ἐστι
2145 3371 2205 3424 Μ

295 3452 359 3500 17
396 3465 455 3501 τε
492 3463 598 3500 om.
637 3444 769 3499 libri
817 3446 1043 3514 praeter
1076 3444 1150 3511 Β,
1187 3443 1324 3514 μεθ’
1354 3445 1730 3512 ὑποστρώσεσι
1764 3444 1824 3500 M
1928 3451 2054 3514 τῇσι
2089 3441 2204 3495 ΒΜ

293 3537 452 3589 προχ.
473 3516 595 3571 MV
737 3520 807 3568 20
844 3512 1115 3588 ὃημότῃσί
1149 3514 1266 3568 ΒΜ
1411 3515 1522 3569 ἐστι
1559 3514 1679 3568 MV
