<?xml version="1.0" encoding="UTF-8"?>
<!DOCTYPE html PUBLIC "-//W3C//DTD XHTML 1.0 Transitional//EN"
    "http://www.w3.org/TR/xhtml1/DTD/xhtml1-transitional.dtd">
<html xmlns="http://www.w3.org/1999/xhtml" xml:lang="en" lang="en">
 <head>
  <title>
</title>
<meta http-equiv="Content-Type" content="text/html;charset=utf-8" />
  <meta name='ocr-system' content='tesseract 3.04.00' />
  <meta name='ocr-capabilities' content='ocr_page ocr_carea ocr_par ocr_line ocrx_word'/>
</head>
<body>
  <div class='ocr_page' id='page_1' title='image "./operaqvaefervnt00ilbegoog_0296.png"; bbox 0 0 2588 3876; ppageno 0'>
   <div class='ocr_carea' id='block_1_1' title="bbox 295 175 1611 240">
    <p class='ocr_par' dir='ltr' id='par_1_1' title="bbox 295 175 1611 240">
     <span class='ocr_line' id='line_1_1' title="bbox 295 175 1611 240; baseline 0 -10"><span class='ocrx_word' id='word_1_1' title='bbox 295 175 426 240; x_wconf 80' lang='grc'><em>248</em></span> <span class='ocrx_word' id='word_1_2' title='bbox 985 180 1381 232; x_wconf 83' lang='lat' dir='ltr'>MOXAIKON</span> <span class='ocrx_word' id='word_1_3' title='bbox 1419 183 1467 231; x_wconf 91' lang='grc'><em>2.</em></span> <span class='ocrx_word' id='word_1_4' title='bbox 1498 183 1547 231; x_wconf 90' lang='lat'><em>3.</em></span> <span class='ocrx_word' id='word_1_5' title='bbox 1577 183 1611 230; x_wconf 83' lang='lat'>4</span> 
     </span>
    </p>
   </div>
   <div class='ocr_carea' id='block_1_2' title="bbox 189 339 2348 2666">
    <p class='ocr_par' dir='ltr' id='par_1_2' title="bbox 295 339 2339 428">
     <span class='ocr_line' id='line_1_2' title="bbox 295 339 2339 428; baseline 0.001 -23"><span class='ocrx_word' id='word_1_6' title='bbox 295 339 600 427; x_wconf 76' lang='grc' dir='ltr'><em>&lt;ἀλή&gt;τῳ</em></span> <span class='ocrx_word' id='word_1_7' title='bbox 631 342 760 406; x_wconf 88' lang='grc' dir='ltr'><em>σὺν</em></span> <span class='ocrx_word' id='word_1_8' title='bbox 786 340 1001 426; x_wconf 83' lang='grc' dir='ltr'><em>μάννῃ</em></span> <span class='ocrx_word' id='word_1_9' title='bbox 1030 340 1072 424; x_wconf 80' lang='grc' dir='ltr'><em>ἢ</em></span> <span class='ocrx_word' id='word_1_10' title='bbox 1099 342 1266 428; x_wconf 77' lang='grc' dir='ltr'><em>θείῳ</em></span> <span class='ocrx_word' id='word_1_11' title='bbox 1294 343 1425 405; x_wconf 84' lang='grc' dir='ltr'><em>σὺν</em></span> <span class='ocrx_word' id='word_1_12' title='bbox 1451 349 1739 426; x_wconf 83' lang='grc' dir='ltr'><em>κηρωτῇ·</em></span> <span class='ocrx_word' id='word_1_13' title='bbox 1769 341 2005 407; x_wconf 83' lang='grc' dir='ltr'><em>αὐτίκα</em></span> <span class='ocrx_word' id='word_1_14' title='bbox 2033 341 2339 407; x_wconf 64' lang='grc' dir='ltr'><em>ἀναπλά·</em></span> 
     </span>
    </p>

    <p class='ocr_par' dir='ltr' id='par_1_3' title="bbox 299 443 2339 531">
     <span class='ocr_line' id='line_1_3' title="bbox 299 443 2339 531; baseline 0.002 -21"><span class='ocrx_word' id='word_1_15' title='bbox 299 463 460 522; x_wconf 80' lang='grc' dir='ltr'><em>σεις·</em></span> <span class='ocrx_word' id='word_1_16' title='bbox 507 443 731 511; x_wconf 78' lang='grc' dir='ltr'><em>ἔπειτα</em></span> <span class='ocrx_word' id='word_1_17' title='bbox 768 445 1135 531; x_wconf 83' lang='grc' dir='ltr'><em>ἀνακωχεῖν</em></span> <span class='ocrx_word' id='word_1_18' title='bbox 1169 458 1344 514; x_wconf 87' lang='grc' dir='ltr'><em>τοῖσι</em></span> <span class='ocrx_word' id='word_1_19' title='bbox 1382 448 1768 514; x_wconf 80' lang='grc' dir='ltr'><strong><em>δακτύλοισι</em></strong></span> <span class='ocrx_word' id='word_1_20' title='bbox 1795 446 2339 531; x_wconf 81' lang='grc' dir='ltr'><em>ἐσματευόμενον</em></span> 
     </span>
    </p>

    <p class='ocr_par' dir='ltr' id='par_1_4' title="bbox 297 544 2330 640">
     <span class='ocr_line' id='line_1_4' title="bbox 297 544 2330 640; baseline 0.001 -22"><span class='ocrx_word' id='word_1_21' title='bbox 297 551 410 619; x_wconf 83' lang='grc' dir='ltr'><em>καὶ</em></span> <span class='ocrx_word' id='word_1_22' title='bbox 436 551 1014 638; x_wconf 86' lang='grc' dir='ltr'><em>παραστρέφοντα·</em></span> <span class='ocrx_word' id='word_1_23' title='bbox 1041 554 1151 618; x_wconf 79' lang='grc' dir='ltr'><em>καὶ</em></span> <span class='ocrx_word' id='word_1_24' title='bbox 1180 554 1255 618; x_wconf 90' lang='grc' dir='ltr'><em>τὸ</em></span> <span class='ocrx_word' id='word_1_25' title='bbox 1276 544 1771 640; x_wconf 69' lang='grc' dir='ltr'><em>Καρχηδόνιον·</em></span> <span class='ocrx_word' id='word_1_26' title='bbox 1799 564 2089 640; x_wconf 84' lang='grc' dir='ltr'><em>πωροῖτο</em></span> <span class='ocrx_word' id='word_1_27' title='bbox 2119 554 2181 620; x_wconf 85' lang='grc' dir='ltr'><em>δ’</em></span> <span class='ocrx_word' id='word_1_28' title='bbox 2216 557 2330 639; x_wconf 78' lang='grc' dir='ltr'><em>ἄν,</em></span> 
     </span>
    </p>

    <p class='ocr_par' dir='ltr' id='par_1_5' title="bbox 246 658 2333 851">
     <span class='ocr_line' id='line_1_5' title="bbox 297 658 2333 747; baseline 0 -21"><span class='ocrx_word' id='word_1_29' title='bbox 297 661 410 726; x_wconf 81' lang='grc' dir='ltr'><em>καὶ</em></span> <span class='ocrx_word' id='word_1_30' title='bbox 454 658 540 742; x_wconf 79' lang='grc' dir='ltr'><em>ἢν</em></span> <span class='ocrx_word' id='word_1_31' title='bbox 593 658 783 736; x_wconf 78' lang='grc' dir='ltr'><em>ἕλκος</em></span> <span class='ocrx_word' id='word_1_32' title='bbox 826 658 970 745; x_wconf 83' lang='grc' dir='ltr'><em>ἐνῇ·</em></span> <span class='ocrx_word' id='word_1_33' title='bbox 1025 658 1137 725; x_wconf 83' lang='grc' dir='ltr'><em>καὶ</em></span> <span class='ocrx_word' id='word_1_34' title='bbox 1182 660 1268 745; x_wconf 78' lang='grc' dir='ltr'><em>ἢν</em></span> <span class='ocrx_word' id='word_1_35' title='bbox 1313 659 1506 726; x_wconf 80' lang='grc' dir='ltr'><strong><em>ὀστέα</em></strong></span> <span class='ocrx_word' id='word_1_36' title='bbox 1550 659 1812 726; x_wconf 79' lang='grc' dir='ltr'><em>ἀπιέναι</em></span> <span class='ocrx_word' id='word_1_37' title='bbox 1854 660 2058 747; x_wconf 81' lang='grc' dir='ltr'><em>μέλλῃ</em></span> <span class='ocrx_word' id='word_1_38' title='bbox 2105 698 2193 708; x_wconf 92' lang='lat'><em>——</em></span> <span class='ocrx_word' id='word_1_39' title='bbox 2238 662 2333 726; x_wconf 82' lang='grc' dir='ltr'><em>οὐ</em></span> 
     </span>
     <span class='ocr_line' id='line_1_6' title="bbox 246 767 1727 851; baseline -0.002 -17"><span class='ocrx_word' id='word_1_40' title='bbox 246 794 270 834; x_wconf 77' lang='lat'><strong>5</strong></span> <span class='ocrx_word' id='word_1_41' title='bbox 301 767 428 850; x_wconf 79' lang='grc' dir='ltr'><em>γὰρ</em></span> <span class='ocrx_word' id='word_1_42' title='bbox 472 767 1007 849; x_wconf 81' lang='grc' dir='ltr'><em>παλιγκοτώτατα</em></span> <span class='ocrx_word' id='word_1_43' title='bbox 1053 805 1173 850; x_wconf 87' lang='grc'><em>-,</em></span> <span class='ocrx_word' id='word_1_44' title='bbox 1221 768 1395 832; x_wconf 79' lang='grc' dir='ltr'><em>οὕτω</em></span> <span class='ocrx_word' id='word_1_45' title='bbox 1440 767 1727 851; x_wconf 82' lang='grc' dir='ltr'><em>ποιητέα.</em></span> 
     </span>
    </p>

    <p class='ocr_par' dir='ltr' id='par_1_6' title="bbox 297 867 2336 1280">
     <span class='ocr_line' id='line_1_7' title="bbox 432 867 2336 959; baseline 0.002 -22"><span class='ocrx_word' id='word_1_46' title='bbox 432 873 491 937; x_wconf 83' lang='grc'><em>3.</em></span> <span class='ocrx_word' id='word_1_47' title='bbox 555 867 693 951; x_wconf 80' lang='grc' dir='ltr'><em>Οὖς</em></span> <span class='ocrx_word' id='word_1_48' title='bbox 736 874 1019 957; x_wconf 76' lang='grc' dir='ltr'><em>καταγὲν</em></span> <span class='ocrx_word' id='word_1_49' title='bbox 1065 875 1152 957; x_wconf 84' lang='grc' dir='ltr'><em>μὴ</em></span> <span class='ocrx_word' id='word_1_50' title='bbox 1190 872 1444 939; x_wconf 80' lang='grc' dir='ltr'><em>ἐπιδεῖν</em></span> <span class='ocrx_word' id='word_1_51' title='bbox 1477 874 1643 958; x_wconf 82' lang='grc' dir='ltr'><em>μηδὲ</em></span> <span class='ocrx_word' id='word_1_52' title='bbox 1680 875 2190 941; x_wconf 86' lang='grc' dir='ltr'><em>καταπλάσσειν·</em></span> <span class='ocrx_word' id='word_1_53' title='bbox 2236 875 2336 959; x_wconf 78' lang='grc' dir='ltr'><em>ἢν</em></span> 
     </span>
     <span class='ocr_line' id='line_1_8' title="bbox 300 979 2328 1069; baseline 0 -23"><span class='ocrx_word' id='word_1_54' title='bbox 300 979 379 1046; x_wconf 90' lang='grc' dir='ltr'><em>δέ</em></span> <span class='ocrx_word' id='word_1_55' title='bbox 418 1004 483 1045; x_wconf 90' lang='grc' dir='ltr'><em>τι</em></span> <span class='ocrx_word' id='word_1_56' title='bbox 530 979 677 1066; x_wconf 83' lang='grc' dir='ltr'><em>δέῃ,</em></span> <span class='ocrx_word' id='word_1_57' title='bbox 723 980 811 1056; x_wconf 79' lang='grc' dir='ltr'><em>ὡς</em></span> <span class='ocrx_word' id='word_1_58' title='bbox 853 982 1271 1065; x_wconf 81' lang='grc' dir='ltr'><em>κουφότατον</em></span> <span class='ocrx_word' id='word_1_59' title='bbox 1315 979 1356 1063; x_wconf 81' lang='grc' dir='ltr'>ἡ</span> <span class='ocrx_word' id='word_1_60' title='bbox 1403 983 1690 1066; x_wconf 83' lang='grc' dir='ltr'><em>κηρωτή·</em></span> <span class='ocrx_word' id='word_1_61' title='bbox 1757 979 1867 1046; x_wconf 81' lang='grc' dir='ltr'><em>καὶ</em></span> <span class='ocrx_word' id='word_1_62' title='bbox 1913 984 2080 1069; x_wconf 75' lang='grc' dir='ltr'><em>θείῳ</em></span> <span class='ocrx_word' id='word_1_63' title='bbox 2126 1005 2328 1046; x_wconf 87' lang='grc' dir='ltr'><em>κατα-</em></span> 
     </span>
     <span class='ocr_line' id='line_1_9' title="bbox 297 1080 2331 1174; baseline -0 -21"><span class='ocrx_word' id='word_1_64' title='bbox 297 1090 560 1170; x_wconf 78' lang='grc' dir='ltr'><em>κολλᾶν.</em></span> <span class='ocrx_word' id='word_1_65' title='bbox 644 1080 741 1152; x_wconf 82' lang='grc' dir='ltr'><em>ὧν</em></span> <span class='ocrx_word' id='word_1_66' title='bbox 786 1087 864 1152; x_wconf 78' lang='grc' dir='ltr'><em>δὲ</em></span> <span class='ocrx_word' id='word_1_67' title='bbox 907 1084 1153 1171; x_wconf 80' lang='grc' dir='ltr'><em>ἔμπυα,</em></span> <span class='ocrx_word' id='word_1_68' title='bbox 1210 1088 1325 1152; x_wconf 79' lang='grc' dir='ltr'><em>διὰ</em></span> <span class='ocrx_word' id='word_1_69' title='bbox 1367 1087 1609 1172; x_wconf 81' lang='grc' dir='ltr'><em>παχέος</em></span> <span class='ocrx_word' id='word_1_70' title='bbox 1654 1088 2051 1174; x_wconf 85' lang='grc' dir='ltr'><em>εὑρίσκεται·</em></span> <span class='ocrx_word' id='word_1_71' title='bbox 2105 1088 2331 1153; x_wconf 73' lang='grc' dir='ltr'><em>πάντα</em></span> 
     </span>
     <span class='ocr_line' id='line_1_10' title="bbox 300 1191 2329 1280; baseline 0 -20"><span class='ocrx_word' id='word_1_72' title='bbox 300 1194 376 1261; x_wconf 82' lang='grc' dir='ltr'><em>δὲ</em></span> <span class='ocrx_word' id='word_1_73' title='bbox 433 1193 514 1261; x_wconf 80' lang='grc' dir='ltr'><em>τὰ</em></span> <span class='ocrx_word' id='word_1_74' title='bbox 570 1193 873 1275; x_wconf 81' lang='grc' dir='ltr'><em>ὑπόμυξα</em></span> <span class='ocrx_word' id='word_1_75' title='bbox 931 1191 1043 1258; x_wconf 83' lang='grc' dir='ltr'><em>καὶ</em></span> <span class='ocrx_word' id='word_1_76' title='bbox 1102 1194 1182 1258; x_wconf 81' lang='grc' dir='ltr'><em>τὰ</em></span> <span class='ocrx_word' id='word_1_77' title='bbox 1235 1194 1408 1279; x_wconf 77' lang='grc' dir='ltr'><em>ὑγρῇ</em></span> <span class='ocrx_word' id='word_1_78' title='bbox 1464 1192 1659 1280; x_wconf 82' lang='grc' dir='ltr'><em>σαρκὶ</em></span> <span class='ocrx_word' id='word_1_79' title='bbox 1712 1197 1964 1280; x_wconf 85' lang='grc' dir='ltr'><em>πλήρεα</em></span> <span class='ocrx_word' id='word_1_80' title='bbox 2006 1192 2329 1280; x_wconf 77' lang='grc' dir='ltr'><em>ἐξαπατᾷ·</em></span> 
     </span>
    </p>

    <p class='ocr_par' dir='ltr' id='par_1_7' title="bbox 217 1295 2337 1811">
     <span class='ocr_line' id='line_1_11' title="bbox 217 1295 2336 1387; baseline -0 -18"><span class='ocrx_word' id='word_1_81' title='bbox 217 1328 274 1370; x_wconf 76' lang='lat'><em>10</em></span> <span class='ocrx_word' id='word_1_82' title='bbox 301 1300 380 1365; x_wconf 76' lang='grc' dir='ltr'><em>οὐ</em></span> <span class='ocrx_word' id='word_1_83' title='bbox 427 1301 515 1384; x_wconf 86' lang='grc' dir='ltr'><em>μὴ</em></span> <span class='ocrx_word' id='word_1_84' title='bbox 560 1302 773 1385; x_wconf 85' lang='grc' dir='ltr'><em>βλαβῇ</em></span> <span class='ocrx_word' id='word_1_85' title='bbox 821 1295 1169 1381; x_wconf 74' lang='grc' dir='ltr'><em>στομωθὲν</em></span> <span class='ocrx_word' id='word_1_86' title='bbox 1211 1301 1285 1365; x_wconf 92' lang='grc' dir='ltr'><em>τὸ</em></span> <span class='ocrx_word' id='word_1_87' title='bbox 1334 1310 1595 1366; x_wconf 85' lang='grc' dir='ltr'><em>τοιοῦτο</em></span> <span class='ocrx_word' id='word_1_88' title='bbox 1613 1319 1627 1335; x_wconf 96' lang='grc'><em>·</em></span> <span class='ocrx_word' id='word_1_89' title='bbox 1697 1299 1835 1366; x_wconf 79' lang='grc' dir='ltr'><em>ἐστὶ</em></span> <span class='ocrx_word' id='word_1_90' title='bbox 1891 1303 2018 1386; x_wconf 78' lang='grc' dir='ltr'><em>γὰρ</em></span> <span class='ocrx_word' id='word_1_91' title='bbox 2065 1303 2336 1387; x_wconf 59' lang='grc' dir='ltr'><em>ἄσαρκος</em></span> 
     </span>
     <span class='ocr_line' id='line_1_12' title="bbox 296 1399 2331 1490; baseline 0.001 -20"><span class='ocrx_word' id='word_1_92' title='bbox 296 1408 407 1471; x_wconf 82' lang='grc' dir='ltr'><em>καὶ</em></span> <span class='ocrx_word' id='word_1_93' title='bbox 466 1406 836 1488; x_wconf 78' lang='grc' dir='ltr'><em>ὑδατώδεα,</em></span> <span class='ocrx_word' id='word_1_94' title='bbox 899 1404 1107 1490; x_wconf 79' lang='grc' dir='ltr'><em>μύξης</em></span> <span class='ocrx_word' id='word_1_95' title='bbox 1158 1405 1349 1472; x_wconf 84' lang='grc' dir='ltr'><em>πλέα·</em></span> <span class='ocrx_word' id='word_1_96' title='bbox 1425 1406 1595 1472; x_wconf 83' lang='grc' dir='ltr'><em>ὅπου</em></span> <span class='ocrx_word' id='word_1_97' title='bbox 1656 1403 1730 1471; x_wconf 74' lang='grc' dir='ltr'><em>δὲ</em></span> <span class='ocrx_word' id='word_1_98' title='bbox 1787 1409 1898 1473; x_wconf 80' lang='grc' dir='ltr'><em>καὶ</em></span> <span class='ocrx_word' id='word_1_99' title='bbox 1957 1399 2067 1473; x_wconf 86' lang='grc' dir='ltr'><em>οἷα</em></span> <span class='ocrx_word' id='word_1_100' title='bbox 2125 1405 2331 1473; x_wconf 78' lang='grc' dir='ltr'><em>ἐόντα</em></span> 
     </span>
     <span class='ocr_line' id='line_1_13' title="bbox 297 1510 2337 1599; baseline 0 -22"><span class='ocrx_word' id='word_1_101' title='bbox 297 1513 693 1578; x_wconf 74' lang='grc' dir='ltr'><em>θανατώδεα</em></span> <span class='ocrx_word' id='word_1_102' title='bbox 729 1510 888 1596; x_wconf 79' lang='grc' dir='ltr'><em>ἐστι,</em></span> <span class='ocrx_word' id='word_1_103' title='bbox 924 1523 1243 1599; x_wconf 87' lang='grc' dir='ltr'><em>παρεῖται,</em></span> <span class='ocrx_word' id='word_1_104' title='bbox 1317 1514 1505 1579; x_wconf 78' lang='grc' dir='ltr'><em>ὤτων</em></span> <span class='ocrx_word' id='word_1_105' title='bbox 1539 1522 1773 1597; x_wconf 77' lang='grc' dir='ltr'><em>καῦσις</em></span> <span class='ocrx_word' id='word_1_106' title='bbox 1806 1512 2016 1599; x_wconf 84' lang='grc' dir='ltr'><em>πέρην</em></span> <span class='ocrx_word' id='word_1_107' title='bbox 2049 1515 2337 1598; x_wconf 80' lang='grc' dir='ltr'><em>τάχιστα</em></span> 
     </span>
     <span class='ocr_line' id='line_1_14' title="bbox 299 1616 2328 1706; baseline 0 -22"><span class='ocrx_word' id='word_1_108' title='bbox 299 1620 577 1703; x_wconf 77' lang='grc' dir='ltr'><em>ὑγιάζει·</em></span> <span class='ocrx_word' id='word_1_109' title='bbox 640 1619 889 1684; x_wconf 80' lang='grc' dir='ltr'><em>κυλλὸν</em></span> <span class='ocrx_word' id='word_1_110' title='bbox 945 1620 1021 1685; x_wconf 78' lang='grc' dir='ltr'><em>δὲ</em></span> <span class='ocrx_word' id='word_1_111' title='bbox 1064 1620 1175 1684; x_wconf 80' lang='grc' dir='ltr'><em>καὶ</em></span> <span class='ocrx_word' id='word_1_112' title='bbox 1220 1630 1413 1701; x_wconf 90' lang='grc' dir='ltr'><em>μεῖον</em></span> <span class='ocrx_word' id='word_1_113' title='bbox 1456 1622 1710 1704; x_wconf 75' lang='grc' dir='ltr'><em>γίνεται</em></span> <span class='ocrx_word' id='word_1_114' title='bbox 1754 1622 1828 1685; x_wconf 91' lang='grc' dir='ltr'><em>τὸ</em></span> <span class='ocrx_word' id='word_1_115' title='bbox 1876 1616 2024 1704; x_wconf 82' lang='grc' dir='ltr'>οὖς,</span> <span class='ocrx_word' id='word_1_116' title='bbox 2077 1621 2158 1706; x_wconf 79' lang='grc' dir='ltr'><em>ἣν</em></span> <span class='ocrx_word' id='word_1_117' title='bbox 2202 1618 2328 1684; x_wconf 83' lang='grc' dir='ltr'><em>πέ-</em></span> 
     </span>
     <span class='ocr_line' id='line_1_15' title="bbox 301 1725 2334 1815; baseline 0.002 -24"><span class='ocrx_word' id='word_1_118' title='bbox 301 1750 427 1811; x_wconf 86' lang='grc' dir='ltr'><em>ρην</em></span> <span class='ocrx_word' id='word_1_119' title='bbox 478 1732 719 1812; x_wconf 88' lang='grc' dir='ltr'><em>καυθῇ.</em></span> <span class='ocrx_word' id='word_1_120' title='bbox 819 1725 904 1810; x_wconf 73' lang='grc' dir='ltr'><em>ἦν</em></span> <span class='ocrx_word' id='word_1_121' title='bbox 967 1726 1043 1791; x_wconf 78' lang='grc' dir='ltr'><em>δὲ</em></span> <span class='ocrx_word' id='word_1_122' title='bbox 1101 1733 1447 1812; x_wconf 84' lang='grc' dir='ltr'><em>στομωθῇ,</em></span> <span class='ocrx_word' id='word_1_123' title='bbox 1507 1728 1740 1814; x_wconf 77' lang='grc' dir='ltr'><em>κούφῳ</em></span> <span class='ocrx_word' id='word_1_124' title='bbox 1796 1725 2040 1815; x_wconf 84' lang='grc' dir='ltr'><em>ε’ναίμω</em></span> <span class='ocrx_word' id='word_1_125' title='bbox 2100 1727 2334 1810; x_wconf 74' lang='grc' dir='ltr'><em>δεήσει</em></span> 
     </span>
    </p>

    <p class='ocr_par' dir='ltr' id='par_1_8' title="bbox 220 1832 658 1919">
     <span class='ocr_line' id='line_1_16' title="bbox 220 1832 658 1919; baseline -0.009 -18"><span class='ocrx_word' id='word_1_126' title='bbox 220 1859 272 1901; x_wconf 82' lang='lat'><em>15</em></span> <span class='ocrx_word' id='word_1_127' title='bbox 299 1840 608 1919; x_wconf 79' lang='grc' dir='ltr'><em>χρῆσθαι.</em></span> <span class='ocrx_word' id='word_1_128' title='bbox 648 1832 658 1917; x_wconf 86' lang='grc' dir='ltr'>Ι</span> 
     </span>
    </p>

    <p class='ocr_par' dir='ltr' id='par_1_9' title="bbox 189 1891 2348 2349">
     <span class='ocr_line' id='line_1_17' title="bbox 189 1891 2339 2025; baseline -0.001 -18"><span class='ocrx_word' id='word_1_129' title='bbox 189 1957 296 2007; x_wconf 83' lang='lat'><em>348</em></span> <span class='ocrx_word' id='word_1_130' title='bbox 431 1941 493 2006; x_wconf 91' lang='lat'><em>4.</em></span> <span class='ocrx_word' id='word_1_131' title='bbox 554 1938 814 2006; x_wconf 85' lang='grc' dir='ltr'><em>Γνάθοι</em></span> <span class='ocrx_word' id='word_1_132' title='bbox 868 1940 944 2005; x_wconf 82' lang='grc' dir='ltr'><em>δὲ</em></span> <span class='ocrx_word' id='word_1_133' title='bbox 1002 1951 1464 2007; x_wconf 80' lang='grc' dir='ltr'><em>κατασπῶνται</em></span> <span class='ocrx_word' id='word_1_134' title='bbox 1519 1891 1644 2025; x_wconf 73' lang='grc' dir='ltr'><em>μὲν</em></span> <span class='ocrx_word' id='word_1_135' title='bbox 1688 1941 2005 2017; x_wconf 82' lang='grc' dir='ltr'><em>πολλάκις</em></span> <span class='ocrx_word' id='word_1_136' title='bbox 2049 1937 2159 2005; x_wconf 82' lang='grc' dir='ltr'><em>καὶ</em></span> <span class='ocrx_word' id='word_1_137' title='bbox 2205 1965 2339 2006; x_wconf 82' lang='grc' dir='ltr'><em>κα-</em></span> 
     </span>
     <span class='ocr_line' id='line_1_18' title="bbox 298 2043 2336 2132; baseline 0 -20"><span class='ocrx_word' id='word_1_138' title='bbox 298 2049 679 2130; x_wconf 84' lang='grc' dir='ltr'><em>θίστανται,</em></span> <span class='ocrx_word' id='word_1_139' title='bbox 717 2044 1103 2111; x_wconf 79' lang='grc' dir='ltr'><em>ἐκπίπτουσι</em></span> <span class='ocrx_word' id='word_1_140' title='bbox 1131 2043 1207 2111; x_wconf 70' lang='grc' dir='ltr'><em>δὲ</em></span> <span class='ocrx_word' id='word_1_141' title='bbox 1243 2047 1570 2131; x_wconf 75' lang='grc' dir='ltr'><em>ὀλιγάκις,</em></span> <span class='ocrx_word' id='word_1_142' title='bbox 1604 2048 1889 2129; x_wconf 89' lang='grc' dir='ltr'><em>μάλιστα</em></span> <span class='ocrx_word' id='word_1_143' title='bbox 1913 2045 2036 2130; x_wconf 73' lang='grc' dir='ltr'><em>μὲν</em></span> <span class='ocrx_word' id='word_1_144' title='bbox 2063 2063 2336 2132; x_wconf 83' lang='grc' dir='ltr'><em>χασμω-</em></span> 
     </span>
     <span class='ocr_line' id='line_1_19' title="bbox 298 2151 2348 2239; baseline 0 -22"><span class='ocrx_word' id='word_1_145' title='bbox 298 2151 623 2236; x_wconf 84' lang='grc' dir='ltr'><em>μένοισιν·</em></span> <span class='ocrx_word' id='word_1_146' title='bbox 701 2152 782 2217; x_wconf 83' lang='grc' dir='ltr'><em>οὐ</em></span> <span class='ocrx_word' id='word_1_147' title='bbox 845 2154 972 2238; x_wconf 75' lang='grc' dir='ltr'><em>γὰρ</em></span> <span class='ocrx_word' id='word_1_148' title='bbox 1037 2151 1361 2236; x_wconf 80' lang='grc' dir='ltr'><em>ἐκπίπτει,</em></span> <span class='ocrx_word' id='word_1_149' title='bbox 1433 2155 1491 2218; x_wconf 82' lang='grc' dir='ltr'><em>εἰ</em></span> <span class='ocrx_word' id='word_1_150' title='bbox 1555 2157 1646 2238; x_wconf 84' lang='grc' dir='ltr'><em>μή</em></span> <span class='ocrx_word' id='word_1_151' title='bbox 1707 2177 1807 2231; x_wconf 82' lang='grc' dir='ltr'><em>τις</em></span> <span class='ocrx_word' id='word_1_152' title='bbox 1869 2154 2091 2239; x_wconf 85' lang='grc' dir='ltr'><em>χανὼν</em></span> <span class='ocrx_word' id='word_1_153' title='bbox 2150 2153 2348 2238; x_wconf 72' lang='grc' dir='ltr'><em>μέγα.</em></span> 
     </span>
     <span class='ocr_line' id='line_1_20' title="bbox 297 2255 2336 2349; baseline 0 -24"><span class='ocrx_word' id='word_1_154' title='bbox 297 2260 694 2344; x_wconf 75' lang='grc' dir='ltr'><em>παραγάγοι·</em></span> <span class='ocrx_word' id='word_1_155' title='bbox 741 2256 1032 2324; x_wconf 78' lang='grc' dir='ltr'><em>ἐκπίπτει</em></span> <span class='ocrx_word' id='word_1_156' title='bbox 1060 2255 1134 2324; x_wconf 74' lang='grc' dir='ltr'><em>δὲ</em></span> <span class='ocrx_word' id='word_1_157' title='bbox 1163 2264 1439 2344; x_wconf 83' lang='grc' dir='ltr'><em>μᾶλλον,</em></span> <span class='ocrx_word' id='word_1_158' title='bbox 1476 2259 1577 2325; x_wconf 76' lang='grc' dir='ltr'><em>’ὅτι</em></span> <span class='ocrx_word' id='word_1_159' title='bbox 1603 2261 1684 2325; x_wconf 81' lang='grc' dir='ltr'><em>τὰ</em></span> <span class='ocrx_word' id='word_1_160' title='bbox 1711 2270 1917 2346; x_wconf 87' lang='grc' dir='ltr'><em>νεῦρα</em></span> <span class='ocrx_word' id='word_1_161' title='bbox 1954 2261 2027 2325; x_wconf 84' lang='grc' dir='ltr'><em>ἐν</em></span> <span class='ocrx_word' id='word_1_162' title='bbox 2063 2262 2336 2349; x_wconf 74' lang='grc' dir='ltr'><em>πλαγίῳ</em></span> 
     </span>
    </p>

    <p class='ocr_par' dir='ltr' id='par_1_10' title="bbox 216 2364 2340 2666">
     <span class='ocr_line' id='line_1_21' title="bbox 216 2364 2339 2455; baseline -0.001 -20"><span class='ocrx_word' id='word_1_163' title='bbox 216 2395 275 2435; x_wconf 73' lang='lat'><em>20</em></span> <span class='ocrx_word' id='word_1_164' title='bbox 301 2367 410 2433; x_wconf 81' lang='grc' dir='ltr'><em>καὶ</em></span> <span class='ocrx_word' id='word_1_165' title='bbox 476 2364 912 2449; x_wconf 79' lang='grc' dir='ltr'><em>λελυγισμένα</em></span> <span class='ocrx_word' id='word_1_166' title='bbox 971 2366 1297 2433; x_wconf 87' lang='grc' dir='ltr'><em>συνδιδοῖ.</em></span> <span class='ocrx_word' id='word_1_167' title='bbox 1402 2377 1664 2452; x_wconf 81' lang='grc' dir='ltr'><em>σημεῖα·</em></span> <span class='ocrx_word' id='word_1_168' title='bbox 1723 2366 1987 2455; x_wconf 84' lang='grc' dir='ltr'><em>προέχει</em></span> <span class='ocrx_word' id='word_1_169' title='bbox 2045 2367 2086 2451; x_wconf 81' lang='grc' dir='ltr'>ἡ</span> <span class='ocrx_word' id='word_1_170' title='bbox 2144 2367 2339 2432; x_wconf 79' lang='grc' dir='ltr'><em>κάτω</em></span> 
     </span>
     <span class='ocr_line' id='line_1_22' title="bbox 301 2471 2340 2559; baseline 0 -21"><span class='ocrx_word' id='word_1_171' title='bbox 301 2474 557 2558; x_wconf 76' lang='grc' dir='ltr'><em>γνάθος</em></span> <span class='ocrx_word' id='word_1_172' title='bbox 609 2474 721 2539; x_wconf 79' lang='grc' dir='ltr'><em>καὶ</em></span> <span class='ocrx_word' id='word_1_173' title='bbox 774 2471 1263 2559; x_wconf 88' lang='grc' dir='ltr'><em>παρέστραπται</em></span> <span class='ocrx_word' id='word_1_174' title='bbox 1327 2473 1666 2539; x_wconf 53' lang='grc' dir='ltr'><em>τάναντία,</em></span> <span class='ocrx_word' id='word_1_175' title='bbox 1705 2482 1826 2538; x_wconf 87' lang='grc' dir='ltr'><em>τοῦ</em></span> <span class='ocrx_word' id='word_1_176' title='bbox 1886 2471 2340 2558; x_wconf 76' lang='grc' dir='ltr'><em>ἑκπτώματος,</em></span> 
     </span>
     <span class='ocr_line' id='line_1_23' title="bbox 301 2579 2340 2666; baseline 0.001 -20"><span class='ocrx_word' id='word_1_177' title='bbox 301 2581 705 2665; x_wconf 83' lang='grc' dir='ltr'><em>συμβάλλειν</em></span> <span class='ocrx_word' id='word_1_178' title='bbox 751 2580 831 2645; x_wconf 84' lang='grc' dir='ltr'><em>οὐ</em></span> <span class='ocrx_word' id='word_1_179' title='bbox 870 2579 1218 2644; x_wconf 85' lang='grc' dir='ltr'><em>δύνανται·</em></span> <span class='ocrx_word' id='word_1_180' title='bbox 1264 2579 1350 2663; x_wconf 80' lang='grc' dir='ltr'><em>ἢν</em></span> <span class='ocrx_word' id='word_1_181' title='bbox 1387 2579 1448 2645; x_wconf 90' lang='grc' dir='ltr'><em>δ’</em></span> <span class='ocrx_word' id='word_1_182' title='bbox 1485 2580 1879 2664; x_wconf 83' lang='grc' dir='ltr'><em>ἀμφότεραι,</em></span> <span class='ocrx_word' id='word_1_183' title='bbox 1925 2583 2340 2666; x_wconf 79' lang='grc' dir='ltr'><em>προΐσχουσι</em></span> 
     </span>
    </p>
   </div>
   <div class='ocr_carea' id='block_1_3' title="bbox 297 2698 2341 3624">
    <p class='ocr_par' dir='ltr' id='par_1_11' title="bbox 297 2698 2341 3624">
     <span class='ocr_line' id='line_1_24' title="bbox 297 2698 2333 2789; baseline 0 -33"><span class='ocrx_word' id='word_1_184' title='bbox 297 2705 360 2756; x_wconf 78' lang='grc' dir='ltr'><em>θ’.</em></span> <span class='ocrx_word' id='word_1_185' title='bbox 383 2703 428 2768; x_wconf 88' lang='lat'><em>5.</em></span> <span class='ocrx_word' id='word_1_186' title='bbox 448 2723 498 2756; x_wconf 83' lang='grc' dir='ltr'><em>κ.</em></span> <span class='ocrx_word' id='word_1_187' title='bbox 496 2700 686 2789; x_wconf 45' lang='lat' dir='ltr'><strong>fulg„</strong></span> <span class='ocrx_word' id='word_1_188' title='bbox 707 2700 923 2770; x_wconf 81' lang='grc' dir='ltr'><em>ἰ.ἀλλὴ·</em></span> <span class='ocrx_word' id='word_1_189' title='bbox 952 2720 984 2754; x_wconf 91' lang='grc' dir='ltr'><em>τ</em></span> <span class='ocrx_word' id='word_1_190' title='bbox 986 2698 1458 2774; x_wconf 34' lang='grc' dir='ltr'><em>Ἣξυμμανῇῆθ</em></span> <span class='ocrx_word' id='word_1_191' title='bbox 1469 2702 1648 2767; x_wconf 81' lang='grc' dir='ltr'><em>ξυνκ.</em></span> <span class='ocrx_word' id='word_1_192' title='bbox 1677 2701 1737 2755; x_wconf 92' lang='grc' dir='ltr'>Μ</span> <span class='ocrx_word' id='word_1_193' title='bbox 1844 2699 2099 2771; x_wconf 80' lang='grc' dir='ltr'><em>ἀλήτῳξ.</em></span> <span class='ocrx_word' id='word_1_194' title='bbox 2128 2721 2182 2769; x_wconf 86' lang='grc' dir='ltr'><em>μ.</em></span> <span class='ocrx_word' id='word_1_195' title='bbox 2210 2718 2333 2769; x_wconf 84' lang='lat' dir='ltr'><em>pro</em></span> 
     </span>
     <span class='ocr_line' id='line_1_25' title="bbox 301 2722 2331 2846; baseline -0.001 -19"><span class='ocrx_word' id='word_1_196' title='bbox 301 2722 1155 2846; x_wconf 71' lang='grc' dir='ltr'>ἅλλητῷσ.μ.1111;1;.((31“.Ρ.ῳ,156</span> <span class='ocrx_word' id='word_1_197' title='bbox 1179 2774 1282 2841; x_wconf 85' lang='lat'>14),</span> <span class='ocrx_word' id='word_1_198' title='bbox 1314 2772 1350 2826; x_wconf 90' lang='grc' dir='ltr'><em>ἰ.</em></span> <span class='ocrx_word' id='word_1_199' title='bbox 1372 2772 1451 2826; x_wconf 52' lang='lat' dir='ltr'><em>&amp;a</em></span> <span class='ocrx_word' id='word_1_200' title='bbox 1481 2772 1598 2842; x_wconf 79' lang='grc' dir='ltr'><em>ἅμα</em></span> <span class='ocrx_word' id='word_1_201' title='bbox 1618 2773 1679 2828; x_wconf 79' lang='grc' dir='ltr'><em>δὲ</em></span> <span class='ocrx_word' id='word_1_202' title='bbox 1698 2777 1775 2845; x_wconf 77' lang='grc' dir='ltr'><em>τῷ</em></span> <span class='ocrx_word' id='word_1_203' title='bbox 1796 2772 1973 2843; x_wconf 51' lang='grc' dir='ltr'><em>ξυμβἿ</em></span> <span class='ocrx_word' id='word_1_204' title='bbox 1991 2756 2095 2837; x_wconf 78' lang='lat' dir='ltr'><em>5vv</em></span> <span class='ocrx_word' id='word_1_205' title='bbox 2121 2792 2174 2841; x_wconf 90' lang='grc' dir='ltr'><em>μ.</em></span> <span class='ocrx_word' id='word_1_206' title='bbox 2212 2771 2331 2842; x_wconf 88' lang='lat' dir='ltr'><em>Pq</em></span> 
     </span>
     <span class='ocr_line' id='line_1_26' title="bbox 446 2842 2337 2933; baseline 0 -36"><span class='ocrx_word' id='word_1_207' title='bbox 446 2849 492 2898; x_wconf 87' lang='lat'><strong>1.</strong></span> <span class='ocrx_word' id='word_1_208' title='bbox 524 2850 555 2897; x_wconf 83' lang='lat'>2</span> <span class='ocrx_word' id='word_1_209' title='bbox 586 2842 929 2906; x_wconf 84' lang='grc' dir='ltr'><em>ἀναπλάσεις</em></span> <span class='ocrx_word' id='word_1_210' title='bbox 953 2842 1185 2910; x_wconf 59' lang='lat' dir='ltr'><em>MLitt„</em></span> <span class='ocrx_word' id='word_1_211' title='bbox 1223 2842 1515 2898; x_wconf 84' lang='grc' dir='ltr'><em>-πλάσσειν</em></span> <span class='ocrx_word' id='word_1_212' title='bbox 1550 2844 1702 2933; x_wconf 85' lang='lat' dir='ltr'>vulg.</span> <span class='ocrx_word' id='word_1_213' title='bbox 1803 2849 1834 2897; x_wconf 91' lang='grc'>2</span> <span class='ocrx_word' id='word_1_214' title='bbox 1874 2845 2189 2914; x_wconf 77' lang='grc' dir='ltr'><em>ἀνακωχεῖν</em></span> <span class='ocrx_word' id='word_1_215' title='bbox 2226 2845 2337 2912; x_wconf 83' lang='lat' dir='ltr'><strong>(cf.</strong></span> 
     </span>
     <span class='ocr_line' id='line_1_27' title="bbox 300 2913 2334 2985; baseline 0 -17"><span class='ocrx_word' id='word_1_216' title='bbox 300 2934 353 2984; x_wconf 89' lang='lat' dir='ltr'><em>p.</em></span> <span class='ocrx_word' id='word_1_217' title='bbox 379 2918 607 2985; x_wconf 84' lang='grc'>159,13)</span> <span class='ocrx_word' id='word_1_218' title='bbox 637 2914 864 2983; x_wconf 81' lang='lat' dir='ltr'>scripsi,</span> <span class='ocrx_word' id='word_1_219' title='bbox 938 2935 1016 2968; x_wconf 82' lang='grc' dir='ltr'><em>κω</em></span> <span class='ocrx_word' id='word_1_220' title='bbox 1053 2913 1204 2983; x_wconf 85' lang='grc' dir='ltr'><em>ήσεις</em></span> <span class='ocrx_word' id='word_1_221' title='bbox 1238 2914 1470 2980; x_wconf 75' lang='lat' dir='ltr'><em>MLitt.,</em></span> <span class='ocrx_word' id='word_1_222' title='bbox 1517 2913 1818 2985; x_wconf 77' lang='grc' dir='ltr'><em>-κογχίζειν</em></span> <span class='ocrx_word' id='word_1_223' title='bbox 1852 2914 2002 2983; x_wconf 85' lang='lat' dir='ltr'><strong>vulg.</strong></span> <span class='ocrx_word' id='word_1_224' title='bbox 2149 2914 2334 2983; x_wconf 81' lang='grc' dir='ltr'><em>ἐσμα-</em></span> 
     </span>
     <span class='ocr_line' id='line_1_28' title="bbox 299 2936 2332 3056; baseline 0 -15"><span class='ocrx_word' id='word_1_225' title='bbox 299 2984 483 3055; x_wconf 85' lang='grc' dir='ltr'><em>τευόμ.</em></span> <span class='ocrx_word' id='word_1_226' title='bbox 506 2986 721 3056; x_wconf 81' lang='lat' dir='ltr'>scripsi,</span> <span class='ocrx_word' id='word_1_227' title='bbox 751 2936 1092 3055; x_wconf 55' lang='grc' dir='ltr'><em>ἐσμαντευέμ</em></span> <span class='ocrx_word' id='word_1_228' title='bbox 1095 2986 1202 3053; x_wconf 87' lang='grc' dir='ltr'>.,Μ</span> <span class='ocrx_word' id='word_1_229' title='bbox 1232 2984 1582 3055; x_wconf 78' lang='grc' dir='ltr'><em>ἔσματτενόμ.</em></span> <span class='ocrx_word' id='word_1_230' title='bbox 1605 2988 1707 3041; x_wconf 77' lang='lat' dir='ltr'><strong>oet.</strong></span> <span class='ocrx_word' id='word_1_231' title='bbox 1784 2985 1844 3040; x_wconf 76' lang='grc' dir='ltr'><em>ἐσ</em></span> <span class='ocrx_word' id='word_1_232' title='bbox 1843 2984 2253 3055; x_wconf 78' lang='grc' dir='ltr'><em>ματτευόμενος</em></span> <span class='ocrx_word' id='word_1_233' title='bbox 2274 3008 2332 3041; x_wconf 87' lang='grc' dir='ltr'>κ,</span> 
     </span>
     <span class='ocr_line' id='line_1_29' title="bbox 300 3056 2340 3126; baseline 0 -17"><span class='ocrx_word' id='word_1_234' title='bbox 300 3056 711 3126; x_wconf 82' lang='grc' dir='ltr'><em>παραστρέφων</em></span> <span class='ocrx_word' id='word_1_235' title='bbox 728 3056 862 3110; x_wconf 76' lang='lat' dir='ltr'><strong>Litt.</strong></span> <span class='ocrx_word' id='word_1_236' title='bbox 966 3063 997 3110; x_wconf 86' lang='grc'>6</span> <span class='ocrx_word' id='word_1_237' title='bbox 1026 3075 1230 3126; x_wconf 73' lang='grc' dir='ltr'><em>κατεαγ</em></span> <span class='ocrx_word' id='word_1_238' title='bbox 1235 3058 1296 3111; x_wconf 79' lang='grc' dir='ltr'><em>ὲν</em></span> <span class='ocrx_word' id='word_1_239' title='bbox 1326 3056 1484 3111; x_wconf 76' lang='lat' dir='ltr'><strong>codd.</strong></span> <span class='ocrx_word' id='word_1_240' title='bbox 1588 3063 1616 3110; x_wconf 80' lang='lat'><strong>7</strong></span> <span class='ocrx_word' id='word_1_241' title='bbox 1649 3076 1797 3125; x_wconf 83' lang='grc' dir='ltr'><em>κουφ</em></span> <span class='ocrx_word' id='word_1_242' title='bbox 1803 3056 1917 3110; x_wconf 79' lang='lat' dir='ltr'><strong>.H²</strong></span> <span class='ocrx_word' id='word_1_243' title='bbox 1950 3056 2120 3111; x_wconf 81' lang='lat' dir='ltr'><strong>Mero.</strong></span> <span class='ocrx_word' id='word_1_244' title='bbox 2140 3056 2340 3126; x_wconf 83' lang='lat' dir='ltr'><strong>Lind.‚</strong></span> 
     </span>
     <span class='ocr_line' id='line_1_30' title="bbox 300 3077 2256 3219; baseline 0 -38"><span class='ocrx_word' id='word_1_245' title='bbox 300 3147 434 3195; x_wconf 83' lang='grc' dir='ltr'><em>κυφ.</em></span> <span class='ocrx_word' id='word_1_246' title='bbox 472 3127 689 3219; x_wconf 77' lang='lat' dir='ltr'><strong>Mvulg.</strong></span> <span class='ocrx_word' id='word_1_247' title='bbox 819 3133 851 3181; x_wconf 90' lang='lat'>8</span> <span class='ocrx_word' id='word_1_248' title='bbox 891 3124 946 3181; x_wconf 87' lang='grc' dir='ltr'><em>δ’</em></span> <span class='ocrx_word' id='word_1_249' title='bbox 979 3127 1040 3180; x_wconf 87' lang='grc' dir='ltr'><strong><em>Μ</em></strong></span> <span class='ocrx_word' id='word_1_250' title='bbox 1095 3130 1258 3216; x_wconf 77' lang='lat' dir='ltr'>post</span> <span class='ocrx_word' id='word_1_251' title='bbox 1296 3077 2256 3198; x_wconf 68' lang='grc' dir='ltr'>ἔμπ.3.(1(1.τάὦτανι113.,οῑῑι.Μ</span> 
     </span>
     <span class='ocr_line' id='line_1_31' title="bbox 303 3146 2339 3274; baseline 0.001 -23"><span class='ocrx_word' id='word_1_252' title='bbox 303 3203 335 3250; x_wconf 83' lang='lat'>9</span> <span class='ocrx_word' id='word_1_253' title='bbox 371 3197 444 3251; x_wconf 81' lang='grc' dir='ltr'><em>τὰ</em></span> <span class='ocrx_word' id='word_1_254' title='bbox 479 3199 548 3267; x_wconf 75' lang='grc' dir='ltr'><em>ὑγ</em></span> <span class='ocrx_word' id='word_1_255' title='bbox 551 3146 675 3267; x_wconf 65' lang='lat' dir='ltr'><em>egla]</em></span> <span class='ocrx_word' id='word_1_256' title='bbox 669 3172 730 3251; x_wconf 87' lang='lat' dir='ltr'>M</span> <span class='ocrx_word' id='word_1_257' title='bbox 817 3205 884 3268; x_wconf 84' lang='grc' dir='ltr'><em>τῇ</em></span> <span class='ocrx_word' id='word_1_258' title='bbox 920 3214 1023 3268; x_wconf 86' lang='lat' dir='ltr'><em>pro</em></span> <span class='ocrx_word' id='word_1_259' title='bbox 1050 3196 1121 3251; x_wconf 79' lang='grc' dir='ltr'><em>τὰ</em></span> <span class='ocrx_word' id='word_1_260' title='bbox 1149 3198 1302 3269; x_wconf 88' lang='lat' dir='ltr'><strong>vulg.</strong></span> <span class='ocrx_word' id='word_1_261' title='bbox 1389 3197 1730 3265; x_wconf 77' lang='grc' dir='ltr'><em>ἐξαπαταίου</em></span> <span class='ocrx_word' id='word_1_262' title='bbox 1758 3198 1853 3252; x_wconf 85' lang='lat' dir='ltr'><em>vul</em></span> <span class='ocrx_word' id='word_1_263' title='bbox 1937 3199 2212 3274; x_wconf 80' lang='grc' dir='ltr'><em>ἐξαπατᾷ·</em></span> <span class='ocrx_word' id='word_1_264' title='bbox 2257 3200 2339 3254; x_wconf 80' lang='grc' dir='ltr'><em>οὐ</em></span> 
     </span>
     <span class='ocr_line' id='line_1_32' title="bbox 302 3217 2336 3340; baseline 0.003 -21"><span class='ocrx_word' id='word_1_265' title='bbox 302 3267 439 3320; x_wconf 77' lang='lat' dir='ltr'><strong>Litt.</strong></span> <span class='ocrx_word' id='word_1_266' title='bbox 515 3220 616 3324; x_wconf 67' lang='lat' dir='ltr'><em>y10</em></span> <span class='ocrx_word' id='word_1_267' title='bbox 654 3268 828 3340; x_wconf 84' lang='grc' dir='ltr'><em>βλάβη</em></span> <span class='ocrx_word' id='word_1_268' title='bbox 857 3266 1087 3338; x_wconf 73' lang='grc' dir='ltr'><em>γένηται</em></span> <span class='ocrx_word' id='word_1_269' title='bbox 1113 3269 1280 3339; x_wconf 88' lang='lat' dir='ltr'><strong>vulg,</strong></span> <span class='ocrx_word' id='word_1_270' title='bbox 1318 3268 1429 3338; x_wconf 74' lang='grc' dir='ltr'><em>γέν.</em></span> <span class='ocrx_word' id='word_1_271' title='bbox 1461 3287 1566 3324; x_wconf 90' lang='lat' dir='ltr'><strong>om.</strong></span> <span class='ocrx_word' id='word_1_272' title='bbox 1598 3270 1657 3323; x_wconf 90' lang='lat' dir='ltr'>M</span> <span class='ocrx_word' id='word_1_273' title='bbox 1758 3276 1821 3323; x_wconf 86' lang='lat'><em>11</em></span> <span class='ocrx_word' id='word_1_274' title='bbox 1853 3217 1985 3324; x_wconf 57' lang='lat' dir='ltr'><em>{vvcc</em></span> <span class='ocrx_word' id='word_1_275' title='bbox 2013 3287 2117 3338; x_wconf 87' lang='lat' dir='ltr'><em>pro</em></span> <span class='ocrx_word' id='word_1_276' title='bbox 2156 3253 2336 3326; x_wconf 81' lang='grc' dir='ltr'><em>ἐόντα</em></span> 
     </span>
     <span class='ocr_line' id='line_1_33' title="bbox 300 3337 2341 3431; baseline 0.003 -41"><span class='ocrx_word' id='word_1_277' title='bbox 300 3337 363 3390; x_wconf 85' lang='grc' dir='ltr'>Μ</span> <span class='ocrx_word' id='word_1_278' title='bbox 508 3341 572 3388; x_wconf 93' lang='grc'><em>12</em></span> <span class='ocrx_word' id='word_1_279' title='bbox 608 3346 869 3404; x_wconf 83' lang='grc' dir='ltr'><em>παρεῖται</em></span> <span class='ocrx_word' id='word_1_280' title='bbox 903 3338 988 3405; x_wconf 89' lang='grc' dir='ltr'><em>Μ,</em></span> <span class='ocrx_word' id='word_1_281' title='bbox 1033 3338 1357 3407; x_wconf 82' lang='grc' dir='ltr'><em>παρεθέντα</em></span> <span class='ocrx_word' id='word_1_282' title='bbox 1399 3341 1548 3411; x_wconf 87' lang='lat' dir='ltr'><strong>vulg.</strong></span> <span class='ocrx_word' id='word_1_283' title='bbox 1689 3345 1878 3395; x_wconf 82' lang='grc'>17.18</span> <span class='ocrx_word' id='word_1_284' title='bbox 1913 3339 2341 3431; x_wconf 81' lang='grc' dir='ltr'><em>χασμωμένοισι</em></span> 
     </span>
     <span class='ocr_line' id='line_1_34' title="bbox 303 3405 2252 3482; baseline 0.004 -24"><span class='ocrx_word' id='word_1_285' title='bbox 303 3406 365 3459; x_wconf 92' lang='grc' dir='ltr'>Μ</span> <span class='ocrx_word' id='word_1_286' title='bbox 499 3411 564 3458; x_wconf 90' lang='grc'>18</span> <span class='ocrx_word' id='word_1_287' title='bbox 603 3405 653 3459; x_wconf 84' lang='grc' dir='ltr'><em>εἰ</em></span> <span class='ocrx_word' id='word_1_288' title='bbox 686 3407 770 3472; x_wconf 90' lang='lat' dir='ltr'><em>M,</em></span> <span class='ocrx_word' id='word_1_289' title='bbox 816 3405 887 3475; x_wconf 80' lang='grc' dir='ltr'><em>ἢν</em></span> <span class='ocrx_word' id='word_1_290' title='bbox 923 3408 1070 3478; x_wconf 89' lang='lat' dir='ltr'><strong>vulg.</strong></span> <span class='ocrx_word' id='word_1_291' title='bbox 1210 3415 1291 3463; x_wconf 86' lang='lat'><strong>19.</strong></span> <span class='ocrx_word' id='word_1_292' title='bbox 1342 3411 1664 3482; x_wconf 75' lang='grc' dir='ltr'><em>παραγάγω</em></span> <span class='ocrx_word' id='word_1_293' title='bbox 1698 3412 1782 3479; x_wconf 91' lang='grc' dir='ltr'><em>Μ,</em></span> <span class='ocrx_word' id='word_1_294' title='bbox 1830 3410 2062 3482; x_wconf 74' lang='grc' dir='ltr'><em>-ανάγοι</em></span> <span class='ocrx_word' id='word_1_295' title='bbox 2097 3410 2252 3481; x_wconf 88' lang='lat' dir='ltr'><strong>vulg.</strong></span> 
     </span>
     <span class='ocr_line' id='line_1_35' title="bbox 306 3428 2336 3554; baseline 0.005 -26"><span class='ocrx_word' id='word_1_296' title='bbox 306 3473 497 3547; x_wconf 74' lang='grc' dir='ltr'><em>πλάγῳ</em></span> <span class='ocrx_word' id='word_1_297' title='bbox 534 3474 593 3527; x_wconf 91' lang='grc' dir='ltr'>Μ</span> <span class='ocrx_word' id='word_1_298' title='bbox 743 3481 812 3529; x_wconf 88' lang='grc'><em>20</em></span> <span class='ocrx_word' id='word_1_299' title='bbox 816 3428 997 3545; x_wconf 73' lang='grc' dir='ltr'><em>ηπροέ</em></span> <span class='ocrx_word' id='word_1_300' title='bbox 1030 3498 1080 3534; x_wconf 83' lang='grc' dir='ltr'><em>ει</em></span> <span class='ocrx_word' id='word_1_301' title='bbox 1123 3479 1212 3547; x_wconf 90' lang='grc' dir='ltr'>Μ,</span> <span class='ocrx_word' id='word_1_302' title='bbox 1267 3480 1499 3552; x_wconf 79' lang='grc' dir='ltr'><em>παρέχει</em></span> <span class='ocrx_word' id='word_1_303' title='bbox 1548 3482 1698 3553; x_wconf 88' lang='lat' dir='ltr'><strong>vulg.</strong></span> <span class='ocrx_word' id='word_1_304' title='bbox 1870 3488 1937 3535; x_wconf 90' lang='grc'><em>22</em></span> <span class='ocrx_word' id='word_1_305' title='bbox 1994 3482 2336 3554; x_wconf 81' lang='grc' dir='ltr'><em>ξυμβάλλειν</em></span> 
     </span>
     <span class='ocr_line' id='line_1_36' title="bbox 308 3500 2253 3624; baseline 0.005 -27"><span class='ocrx_word' id='word_1_306' title='bbox 308 3544 468 3598; x_wconf 83' lang='lat' dir='ltr'><strong>codd.</strong></span> <span class='ocrx_word' id='word_1_307' title='bbox 629 3543 957 3616; x_wconf 77' lang='grc' dir='ltr'><em>προίσχουσι</em></span> <span class='ocrx_word' id='word_1_308' title='bbox 984 3500 1067 3615; x_wconf 60' lang='grc' dir='ltr'><em>Μ,</em></span> <span class='ocrx_word' id='word_1_309' title='bbox 1104 3549 1638 3624; x_wconf 65' lang='grc' dir='ltr'><em>προ(σνη13.)ίσχωσι</em></span> <span class='ocrx_word' id='word_1_310' title='bbox 1645 3501 1769 3608; x_wconf 74' lang='lat' dir='ltr'><strong>grel.</strong></span> <span class='ocrx_word' id='word_1_311' title='bbox 1810 3539 1968 3607; x_wconf 73' lang='lat' dir='ltr'><strong>codd.</strong></span> <span class='ocrx_word' id='word_1_312' title='bbox 2009 3554 2067 3606; x_wconf 76' lang='lat' dir='ltr'><em>et</em></span> <span class='ocrx_word' id='word_1_313' title='bbox 2102 3553 2253 3622; x_wconf 85' lang='lat' dir='ltr'><strong>vulg.</strong></span> 
     </span>
    </p>
   </div>
   <div class='ocr_carea' id='block_1_4' title="bbox 2571 3259 2580 3844">
    <p class='ocr_par' dir='ltr' id='par_1_12' title="bbox 2571 3259 2580 3844">
     <span class='ocr_line' id='line_1_37' title="bbox 2571 3259 2580 3844; baseline 0 0"><span class='ocrx_word' id='word_1_314' title='bbox 2571 3259 2580 3844; x_wconf 95' lang='lat' dir='ltr'><em> </em></span> 
     </span>
    </p>
   </div>
  </div>
 </body>
</html>
