2588 3876
435 140 609 189 ΠΕΡΙ
643 138 789 190 ΤΩΝ
825 140 922 190 ΕΝ
957 140 1292 191 ΚΕΦΑΛΗΙ
1327 139 1716 191 ΤΡΩΜΑΤΩΝ
1757 142 1839 191 15.
1872 143 1952 191 16.
1986 142 2051 190 17
2168 137 2257 200 23

238 302 417 387 μυδῇ
469 323 541 365 τε
593 301 702 365 καὶ
758 299 1077 387 ἐξερῆται·
1140 301 1397 366 τούτων
1464 301 1591 387 γὰρ
1652 301 1823 366 οὕτω
1884 296 2256 383 γινομένων

112 402 121 411 ’
238 417 526 491 σαπῆναι
570 407 781 491 αὐτὴν
824 408 1153 484 κίνδυνος.
1198 404 1206 494 Ι

373 514 473 578 16.
512 512 776 580 Ὀστέον
821 514 895 580 δὲ
940 515 976 580 ὅ
1013 537 1077 579 τι
1123 515 1225 579 δεῖ
1269 514 1636 598 ἀποστῆναι
1682 514 1808 579 ἀπὸ
1853 522 1972 580 τοῦ
2021 514 2227 578 ἄλλου
2257 534 2364 583 246

239 618 472 685 ὀστέου
517 618 584 697 ἐξ
623 620 841 697 ἕλκεος
878 620 952 686 ἐν
985 626 1237 706 κεφαλῇ
1276 621 1637 704 γενομένου
1676 619 1870 706 ἕδρης
1904 643 1976 685 τε
2021 618 2256 703 ἐούσης

236 735 354 792 τοῦ
399 725 625 810 βέλεος
670 726 878 817 ἐντῷ
917 727 1122 815 ὀστέω
1165 727 1205 811 ἢ
1246 729 1459 804 ἄλλως
1495 726 1600 793 ἐπὶ
1635 730 1806 793 πολὺ
1844 726 2257 805 ψιλωθέντος
2310 753 2336 794 5

235 842 354 898 τοῦ
416 833 652 899 ὀστέου
717 833 1070 918 ἀφίσταται
1134 832 1239 899 ἐπὶ
1302 836 1474 900 πολὺ
1542 832 1808 916 ἔξαιμον
1880 835 2256 916 γενόμενον.

235 937 737 1026 ἀναξηραίνεται
782 942 907 1027 γὰρ
953 943 1028 1006 τὸ
1075 932 1232 1022 αἷμα
1279 939 1352 1006 ἐκ
1394 948 1515 1006 τοῦ
1560 939 1794 1005 ὀστέου
1848 940 1979 1005 ὑπό
2022 963 2095 1005 τε
2136 949 2255 1005 τοῦ

234 1050 479 1131 χρόνου
543 1048 654 1111 καὶ
716 1047 847 1112 ὑπὸ
912 1048 1277 1133 φαρμάκων
1339 1059 1475 1112 τῶν
1535 1051 1879 1112 πλείστων.
1986 1046 2258 1132 τάχιστα

235 1152 297 1217 δ’
348 1152 434 1218 ἂν
490 1153 840 1238 ἀποσταίη,
904 1160 974 1219 εἴ
1016 1177 1116 1230 τις
1159 1155 1233 1219 τὸ
1280 1153 1468 1231 ἕλκος
1512 1154 1601 1231 ὡς
1644 1155 1915 1239 τάχιστα
1958 1156 2258 1240 καθήρας

233 1256 532 1345 ξηραίνοι
576 1261 650 1324 τὸ
698 1262 934 1327 λοιπὸν
976 1263 1051 1325 τό
1095 1282 1167 1325 τε
1213 1261 1399 1337 ἕλκος
1442 1261 1552 1326 καὶ
1597 1263 1671 1325 τὸ
1719 1259 1970 1345 ὀστέον,
2026 1261 2136 1326 καὶ
2179 1262 2253 1325 τὸ
2283 1289 2337 1328 10

230 1365 426 1447 μέζον
470 1364 581 1431 καὶ
625 1369 700 1432 τὸ
746 1362 972 1451 ἧσσον.
1045 1368 1119 1432 τὸ
1167 1367 1291 1451 γὰρ
1338 1364 2110 1452 τάχιστακάποξηρανθὲν
2145 1368 2254 1431 καὶ

232 1471 752 1559 ἄποστρακωθὲν
785 1475 998 1562 τούτῳ
1035 1475 1320 1556 μάλιστα
1353 1473 1706 1557 ἀφίσταται
1743 1473 1868 1539 ἀπὸ
1902 1483 2020 1539 τοῦ
2050 1474 2262 1540 ἄλλου

231 1577 465 1644 ὀστέου
513 1588 633 1644 τοῦ
689 1578 962 1662 ἐναίμου
1017 1604 1087 1644 τε
1145 1581 1255 1644 καὶ
1316 1584 1580 1663 ζῶντος,
1640 1580 1802 1645 αὐτὸ
1862 1577 2129 1662 ἕξαιμόν
2184 1605 2255 1645 τε

232 1687 596 1767 γενόμενον
639 1688 747 1751 καὶ
794 1684 991 1772 ξὴρὸν
1045 1686 1165 1774 [τῷ
1206 1685 1449 1774 ἐναίμφ
1494 1688 1604 1751 καὶ
1652 1690 1843 1766 ζῶντι
1886 1688 2059 1768 μάλα
2104 1685 2256 1770 ἀφί-

229 1791 510 1876 σταται].
561 1793 569 1876 Ι
2283 1821 2334 1861 15

369 1898 468 1963 17.
500 1895 663 1964 Ὅσα
708 1899 783 1965 δὲ
825 1909 961 1965 τῶν
1006 1897 1254 1965 ὀστέων
1301 1898 1620 1985 ε’σφλᾶται
1665 1897 1793 1966 ἔσω
1842 1898 1913 1965 ἐκ
1946 1907 2062 1983 τῆς
2099 1901 2226 1985 φύ-
2256 1922 2360 1972 248

227 2022 374 2082 σιος
417 2015 535 2089 τῆς
580 2005 846 2071 ἑωυτῶν
890 2006 1380 2093 καταρραγέντα
1423 2007 1463 2090 ἢ
1501 2009 1610 2072 καὶ
1648 2005 2043 2072 διακοπέντα
2076 2008 2255 2072 πάνυ

226 2110 447 2197 εὐρέα,
485 2111 960 2199 ἀκινδυνότερα
994 2113 1075 2177 τὰ
1115 2121 1387 2178 τοιαῦτα
1423 2117 1696 2198 γίνεται,
1743 2113 1906 2197 ἐπὴν
1941 2116 1981 2198 ἡ
2018 2116 2255 2198 μῆνιγξ

226 2219 423 2302 ὑγιὴς
467 2211 536 2303 ᾖ·
596 2220 705 2284 καὶ
749 2220 831 2283 τὰ
874 2218 1105 2284 πλέοσι
1151 2219 1492 2306 ῥωγμῇσιν
1537 2218 2101 2306 ε’σκαταρραγέντα
2145 2223 2254 2285 καὶ

227 2323 666 2410 εὐρυτέρῃσιν
710 2322 808 2390 ἔτι
854 2324 1329 2411 ἀκινδυνότερα
1382 2326 1492 2390 καὶ
1537 2324 1977 2411 εὐμαρέστερα
2023 2325 2089 2403 ἐς
2132 2328 2254 2411 τὴν
2282 2356 2336 2395 20

227 2430 587 2517 ἀφαίρεσιν
641 2435 909 2513 γίνεται.
994 2433 1104 2496 καὶ
1158 2432 1240 2497 οὐ
1297 2433 1420 2517 χρὴ
1471 2436 1694 2517 πρίειν
1745 2444 1880 2497 τῶν
1934 2434 2256 2497 τοιούτων

374 2628 402 2675 1
443 2626 617 2691 μυὸαι
651 2624 718 2692 Β,
754 2624 939 2693 μηδύη
976 2623 1044 2690 V,
1095 2622 1278 2695 μωδήῃ
1316 2623 1464 2693 vulg.
1574 2625 1832 2693 ξαινηται
1866 2624 1929 2689 Β,
1969 2621 2255 2694 ἐξαίρηται

224 2692 281 2746 V
315 2693 495 2762 vulg,
542 2694 792 2764 ἐξερῆται
827 2694 956 2748 Wb.
1081 2713 1323 2749 τουτεων
1359 2694 1405 2746 Β
1532 2692 1707 2757 οὕτως
1742 2715 1798 2764 γι
1834 2716 1883 2749 ν.
1920 2695 1966 2747 Β
2112 2700 2143 2747 3
2181 2694 2251 2765 δὴ

224 2764 425 2818 ἀποστ.
465 2766 558 2819 δεῖ
589 2764 641 2819 V
749 2762 880 2819 ὅτου
917 2781 1018 2836 pro
1056 2764 1168 2819 ἀπὸ
1206 2773 1307 2819 τοῦ
1344 2763 1401 2818 V·
1538 2771 1573 2818 4
1610 2768 1742 2819 ante
1838 2787 1886 2820 κ.
1926 2765 2053 2819 add.
2097 2765 2153 2832 ἐξ
2188 2767 2252 2832 Β,

223 2852 334 2889 om.
357 2837 464 2890 cet.
551 2840 581 2888 5
647 2834 718 2890 έλ.
743 2836 802 2891 ἐν
828 2841 907 2890 τῶ
927 2835 956 2889 ὀ
987 2836 1195 2890 desinit
1221 2835 1316 2890 hic
1332 2836 1396 2902 Β,
1426 2834 1812 2906 duodeviginti
1832 2836 1921 2906 (cf.
1937 2836 2005 2889 H.
2021 2836 2252 2903 Sohbne,

220 2905 488 2996 Apollon'.
527 2924 576 2959 v.
666 2907 728 2960 it.
767 2926 820 2977 p.
859 2891 955 2978 ῘΧ)
1004 2906 1157 2960 foliis
1210 2906 1427 2990 evulsip.
1458 2978 1470 2989 ·
1506 2905 1768 2974 Sequitur
1815 2911 2075 2977 Γαληνοῢ
2124 2912 2255 2977 περὶ

220 2976 869 3103 ἔῗῃέᾚῗέήθὲξὶοξῖἒ
898 2976 1237 3103 ξ’..ἒὲένῃ
1274 2978 1352 3103 ἐΐ
1367 2977 1546 3117 {1¹3¹}ss
1577 2977 1786 3118 {iffi
1800 2979 2254 3118 ⁵3fff0fif¹¹323231113

218 3118 260 3172 1.
301 3119 358 3187 l.,
396 3138 451 3190 p.
490 3118 619 3173 XIX
656 3122 714 3174 et
747 3119 850 3173 XX
1042 3126 1074 3173 ὅ
1111 3123 1308 3187 πουλυ,
1352 3123 1418 3175 ut
1454 3119 1621 3188 solet,
1663 3123 1902 3189 utroque
1937 3122 2060 3176 loco
2096 3123 2149 3178 V

220 3196 257 3243 6
298 3190 485 3260 γενόμ.
524 3189 690 3257 Eun„
728 3211 835 3261 yw.
875 3190 995 3246 cod.
1128 3197 1192 3244 10
1230 3189 1488 3261 ξὴραίνοι
1523 3192 1585 3246 τὸ
1622 3192 1746 3245 ΜΝ
1845 3191 2165 3263 ξηραίνοιτο
2203 3192 2256 3247 V

339 3267 401 3315 11
440 3265 628 3331 μεῖζον
664 3262 824 3315 codd.
973 3268 1037 3316 12
1076 3262 1440 3330 ἀπεστρακὸς,
1478 3262 1539 3317 ἐν
1578 3263 1766 3330 codd„
1813 3263 2255 3333 ἀποστρακωθὲν

220 3366 362 3421 Litt.
518 3376 683 3424 τοῦτο
729 3384 830 3438 pro
865 3369 1043 3423 τούτω
1088 3368 1237 3424 Erm.
1382 3366 1612 3437 ἀφίεται
1649 3369 1716 3437 V,
1771 3367 1879 3437 ἀφί
1913 3353 2000 3422 τέἶι
2035 3369 2149 3421 ΜΝ
2232 3385 2237 3393 ·

222 3443 298 3491 13
337 3438 554 3563 agdo}
578 3440 756 3564 {odi}
796 3439 933 3494 αὐτὸ
971 3423 1117 3493 Efrm.
1268 3444 1335 3493 14
1373 3436 1663 3507 ἐφίσταται
1695 3439 1828 3492 Litt.
1938 3444 2017 3512 τῷ
2045 3435 2252 3507 ἐναίμῳ

222 3549 236 3561 .
281 3550 293 3561 .
326 3552 336 3562 .
415 3530 476 3579 φ.
556 3526 624 3563 e.
710 3529 809 3564 rm.
