2588 3876
384 140 468 204 76
1053 142 1227 193 ΠΕΡΙ
1261 139 1517 193 ΑΓΜῼΝ
1555 142 1639 192 18.
1669 141 1737 191 19

382 303 560 387 φαλὴ
604 302 914 388 ὑπεροχεῖ
948 303 1024 368 τὸ
1068 300 1368 387 ὕπερθεν
1402 308 1524 365 τοῦ
1567 300 1887 383 σώματος,
1935 299 2098 381 αὐτή
2134 321 2207 363 τε
2242 299 2420 364 ἔσω-

381 414 510 474 θεν
562 407 816 492 πέφυκε
869 416 989 473 τοῦ
1046 406 1311 483 σκέλεος
1363 404 1473 471 καὶ
1520 406 1643 471 οὐκ
1698 403 1969 489 ἔξωθεν,
2022 405 2192 470 ἄλλα
2240 406 2420 469 κατὰ

381 517 505 599 τὴν
547 523 668 581 τοῦ
714 513 1146 597 ἀντικνημίου
1193 511 1342 591 ἴξιν.
1416 514 1548 596 ἅμα
1592 508 1667 577 δὲ
1710 513 1785 577 τὸ
1831 515 1993 579 ἄλλο
2027 513 2233 596 ἥμισυ
2283 520 2418 576 τοῦ

385 622 682 704 σώματος
726 621 1163 704 γειτονεύεται
1207 620 1413 704 ταύτῃ
1460 622 1714 703 μᾶλλον
1748 628 1829 704 τῇ
1878 617 2020 702 ἰξει,
2066 616 2211 682 ἀλλ’
2254 616 2420 702 οὐχὶ

332 753 356 792 5
384 738 462 813 τῇ
500 726 767 805 ἔξωθεν.
842 728 972 810 ἅμα
1019 723 1092 790 δὲ
1129 726 1231 790 ὅτι
1267 727 1642 811 παχύτερον
1684 726 1758 789 τὸ
1806 728 1931 790 ἔσω
1969 734 2088 790 τοῦ
2132 722 2421 806 ἔξωθεν,

385 836 602 918 ὥσπερ
667 832 775 898 καὶ
841 832 914 897 ἐν
974 841 1065 919 τῷ
1129 834 1321 916 πήχει
1380 833 1454 896 τὸ
1528 833 1693 896 κατὰ
1753 831 1877 913 τὴν
1937 840 2057 896 τοῦ
2122 839 2421 914 σμικροῦ

386 941 716 1005 δακτύλου
765 938 895 1017 ἴξιν
939 941 1338 1024 λεπτότερον
1382 936 1492 1002 καὶ
1543 940 1967 1023 μακρότερον.
2057 936 2131 1002 ἐν
2176 936 2422 1020 μέντοι

386 1057 477 1134 τῷ
506 1048 680 1113 κάτω
711 1048 945 1134 ἄρθρῳ
974 1045 1187 1132 τούτῳ
1227 1045 1350 1128 οὐχ
1380 1044 1570 1127 ὁμοίη
1600 1043 1640 1127 ἡ
1669 1043 1988 1119 ὑπότασις
2012 1051 2133 1108 τοῦ
2172 1042 2422 1108 ὀστέου

385 1163 505 1219 τοῦ
551 1152 987 1239 μακροτέρου·
1062 1151 1391 1235 ἀνομοίως
1437 1153 1563 1236 γὰρ
1611 1150 1646 1216 ὁ
1694 1150 1918 1233 ἀγκὼν
1962 1148 2071 1214 καὶ
2117 1149 2157 1232 ἡ
2209 1151 2420 1233 ίγνύη

308 1290 359 1331 10
385 1261 758 1344 κάμπτεται.
851 1259 963 1322 διὰ
1024 1252 1149 1322 οὖν
1205 1257 1447 1332 ταύτας
1504 1257 1621 1333 τὰς
1678 1258 2054 1343 προφάσιας
2107 1265 2227 1320 τοῦ
2287 1252 2429 1340 μὲν

387 1365 637 1444 ἔξωθεν
692 1364 926 1431 ὀστέου
982 1362 1377 1448 καταγέντος
1430 1373 1684 1448 ταχεῖαι
1741 1365 1808 1428 αἱ
1869 1363 2229 1445 ἐπιβάσιες,
2288 1371 2426 1426 τοῦ

388 1474 464 1538 δὲ
510 1476 767 1538 ἔσωθεν
812 1470 1047 1536 ὀστέου
1093 1468 1491 1554 καταγέντος
1535 1470 1840 1556 βραδεῖαι
1887 1471 1954 1534 αἱ
2003 1469 2357 1552 ἐπιβάσιες.
2404 1465 2417 1556 Ι

280 1599 386 1648 482
527 1579 627 1643 19.
683 1575 821 1642 ’Ήν
885 1573 958 1640 δὲ
1021 1577 1094 1641 τὸ
1158 1585 1279 1640 τοῦ
1353 1585 1569 1662 μηροῦ
1635 1575 1868 1641 ὀστέον
1938 1585 2216 1661 καταγῇ,
2290 1576 2428 1658 τὴν

391 1685 751 1751 κατάτασιν
797 1684 920 1768 χρὴ
966 1681 1117 1768 περὶ
1162 1683 1406 1758 παντὸς
1459 1689 1829 1766 ποιεῖσθαι,
1875 1682 2053 1758 ὅπως
2096 1683 2184 1766 μὴ
2233 1681 2433 1746 ἐνδε-

311 1821 360 1863 15
391 1791 669 1876 εστέρως
724 1793 975 1875 σχήσει·
1031 1794 1521 1855 πλεονασθεῐσα
1575 1785 1697 1873 μὲν
1752 1790 1877 1874 γὰρ
1926 1785 2129 1854 οὐδὲν
2184 1787 2269 1852 ἂν
2316 1791 2425 1853 σί-

388 1922 591 1965 νοιτο.
680 1897 841 1963 οὐδὲ
885 1897 1012 1983 γὰρ
1060 1895 1205 1962 οὐδ’
1260 1898 1320 1961 εἰ
1367 1896 1717 1962 διεστεῶτα
1760 1897 1841 1961 τὰ
1885 1894 2078 1961 ὀστέα
2124 1896 2251 1962 ὑπὸ
2301 1904 2432 1979 τῆς

394 2007 619 2090 ἰσχύος
681 2013 797 2087 τῆς
851 2006 1241 2080 κατατάσιος
1307 2003 1555 2070 ἐπιδέοι
1617 2028 1748 2088 τις,
1813 2004 1935 2069 οὐκ
1997 2002 2081 2068 ἂν
2138 2004 2430 2068 δύναιτο

391 2121 657 2198 κρατεῖν
701 2109 742 2191 ἡ
790 2109 1079 2186 ἑπίδεσις
1125 2112 1290 2175 ὥστε
1339 2111 1698 2194 διεστάναι,
1747 2110 1912 2175 ἀλλὰ
1959 2108 2285 2174 συνέλθοι
2333 2108 2436 2174 ἂν

392 2218 557 2303 πρὸς
613 2217 861 2299 ἄλληλα
915 2217 995 2281 τὰ
1048 2216 1242 2281 ὀστέα
1299 2217 1405 2282 ὅτε
1459 2218 1730 2302 τάχιστα
1786 2217 2114 2302 ἀφείησαν
2170 2217 2235 2281 οἱ
2290 2218 2430 2280 τεί-

313 2353 366 2392 20
393 2342 649 2399 νοντες·
721 2333 984 2407 παχεῖαι
1049 2324 1176 2407 γὰρ
1250 2321 1362 2387 καὶ
1429 2321 1690 2409 ἰσχυραὶ
1754 2325 1823 2388 αἱ
1888 2323 2125 2408 σάρκες
2188 2322 2436 2389 ἐοῦσαι

537 2504 565 2551 1
597 2498 803 2569 υπεροχ
809 2496 884 2552 έει
915 2497 1073 2551 codd.
1149 2496 1289 2565 υπερ
1291 2496 1443 2551 θεΜ
1516 2498 1656 2567 αὐτὴ
1676 2498 1740 2563 V,
1773 2517 1912 2567 αυτη
1944 2500 2047 2551 6615.
2121 2516 2179 2551 τε
2208 2497 2270 2562 Β,
2295 2496 2432 2551 Gal-

391 2570 453 2624 in
491 2570 582 2623 6115.
612 2520 806 2633 XVIII,
847 2574 896 2636 2,
934 2574 1054 2634 443,
1094 2567 1156 2623 δὲ
1194 2571 1298 2621 6615.
1393 2568 1581 2623 εἶ’σωθ.
1622 2569 1807 2635 codd,
1848 2569 2013 2623 ἔσωθ.
2054 2567 2311 2622 Ga1.1.1.

395 2647 426 2695 5
464 2640 701 2695 εἴσωθεν
729 2612 864 2705 MV,
903 2639 1019 2709 ἅμα
1049 2638 1110 2694 δὲ
1141 2636 1258 2693 ὅτι.
1320 2640 1610 2704 ,ἔξωθεν
1592 2658 1628 2693 1.
1658 2659 1729 2695 111.
1761 2612 1937 2694 a’dscr
1967 2639 2041 2693 Β2
2142 2639 2268 2694 εἴσω
2300 2639 2438 2693 MV

467 2719 497 2765 6
529 2714 658 2765 ante
698 2711 756 2765 ἐν
786 2711 914 2764 add.
952 2710 1015 2764 τὸ
1046 2727 1236 2764 omnes
1265 2711 1409 2780 (Par.
1438 2711 1492 2763 N
1520 2711 1699 2781 oblit)
1727 2713 1951 2781 praeter
1976 2711 2022 2764 B
2114 2713 2245 2764 ante
2275 2711 2438 2765 κατὰ

397 2783 527 2836 add.
568 2782 630 2837 δὲ
666 2783 755 2848 ΒῙ,
795 2782 902 2836 (161.
942 2781 1016 2834 B⁸
1088 2801 1232 2851 μικρ.
1273 2782 1433 2835 codd.
1508 2787 1541 2835 8
1578 2791 1654 2837 τῶ
1692 2804 1729 2836 α
1733 2787 1889 2873 ρθρῳ
1926 2786 2001 2855 τῷ
2030 2780 2181 2835 κάτω
2219 2781 2344 2834 MV

397 2856 667 2917 ὑποτασις
702 2849 1163 2907 1111115.111ἐπίτασ.
1193 2852 1268 2905 Β3
1339 2854 1469 2921 post
1498 2853 1608 2909 ὀστ.
1640 2855 1833 2922 addn
1814 2837 1925 2920 Β,
1965 2837 2071 2906 del.
2102 2853 2178 2906 Β8
2250 2857 2283 2905 9
2322 2862 2438 2907 τοῦ

398 2924 744 2994 μακροτέρου
772 2923 1008 2977 1111115.111
1034 2924 1235 2978 τούτου
1272 2923 1615 2993 μακροτέρου
1652 2874 1833 2986 ὄντος
1845 2925 1920 2978 Β8
1990 2923 2257 2994 ἀνόμοιος
2303 2924 2438 2978 MV

502 2997 632 3064 post
667 2997 790 3065 ἀγκ.
831 2995 959 3047 add.
997 3015 1056 3049 τε
1092 2994 1287 3061 BMV,
1328 3012 1432 3049 om.
1471 2996 1621 3049 Parr.
1661 2996 1871 3050 DFHJ
2024 2996 2181 3066 ἰγνὺς
2226 2994 2280 3047 V

399 3072 463 3119 11
487 3084 566 3134 sq.
606 3064 971 3135 κατεαγέντος
1015 3065 1102 3118 bis
1148 3065 1270 3119 MV
1417 3072 1480 3119 12
1520 3066 1618 3123 εἴσ.
1656 3067 1700 3119 Β
1846 3065 2039 3122 ὀστέου
2046 3017 2206 3136 yposi:
2251 3066 2436 3121 ἔσωθ.

397 3173 501 3208 0111.
532 3155 591 3207 M
737 3160 802 3208 13
840 3153 954 3206 15115.·
999 3158 1041 3207 Ζ
1077 3154 1206 3221 περὶ
1243 3164 1421 3224 μηροῦ
1467 3154 1802 3246 καταγέντος
1835 3155 1909 3223 Β,
1953 3163 1989 3224 ῆ
2028 3158 2154 3224 (0111.
2185 3154 2255 3224 V)
2294 3157 2441 3222 περὶ

397 3234 574 3295 μηροῦ
612 3225 731 3278 MV
877 3229 944 3277 14
979 3223 1151 3278 ποιέε.
1191 3226 1350 3279 codd.
1473 3244 1532 3279 π.
1560 3245 1664 3294 περ
1670 3225 1877 3281 ὶπαντ.
1918 3226 2038 3279 MV
2183 3223 2326 3288 ὅπος
2359 3226 2435 3292 Β,

398 3296 548 3360 ὅπως
582 3296 718 3361 MV,
759 3294 1027 3365 81111113
1177 3300 1243 3349 15
1282 3296 1454 3368 σχήση
1493 3296 1544 3349 V
1689 3303 1754 3351 16
1795 3294 1921 3353 οὐδ’
1961 3298 2024 3363 Β,
2064 3314 2171 3352 0111.
2206 3299 2315 3352 oet.

398 3372 663 3424 διεστῶτα
698 3338 809 3449 ΒῨ
936 3372 1000 3419 17
1041 3365 1317 3423 ἐπιδέοιτο
1354 3368 1400 3421 Β
1538 3373 1603 3422 18
1642 3367 1893 3437 κρατέειν
1931 3340 2091 3424 codd.
2231 3373 2299 3421 19
2341 3366 2436 3424 ὅτι

399 3437 806 3506 60(1(1.,6611Ρ81
835 3434 923 3492 ὅτε
993 3440 1123 3507 post
1148 3437 1267 3509 τάχ.
1301 3438 1429 3492 add.
1461 3436 1533 3493 αν
1561 3439 1726 3509 vulg„
1765 3457 1871 3495 om.
1891 3440 2009 3494 ΒΜ
2018 3439 2070 3493 V
2141 3436 2440 3509 ἀφείησαν

395 3511 458 3577 Β,
498 3508 749 3580 ἀφίησαν
785 3508 906 3561 MV
