2588 3876
681 150 857 201 Imm
891 148 1575 201 ΑΡΘΡῼΝΈΜΒΟΛΗΣ
1612 152 1643 199 9
2050 145 2177 210 125

168 309 498 375 ὀθονίοισι
564 314 867 394 πολλοῖσι
928 309 1296 376 ἐπιδέοντα·
1361 309 1758 375 ὑποτιθέναι
1824 307 1882 374 δ’
1937 308 2004 386 ἐς
2057 310 2180 392 τὴν

167 417 503 502 μασχάλην
550 417 761 501 εἴριον
804 418 1154 501 μαλθακὸν
1196 417 1501 502 καθαρὸν
1537 419 2032 498 συνελίσσοντα,
2077 419 2181 481 ἔκ-

165 526 480 609 πλήρωμα
525 532 646 588 τοῦ
691 527 923 589 κοίλου
978 522 1317 606 ποιέοντα,
1373 523 1485 588 ἵνα
1539 523 2012 609 άντιστήριγμα
2058 524 2180 607 μὲν

167 639 234 714 τῇ
292 628 584 695 έπιδέσει
628 623 699 717 ᾗ,
759 629 1064 715 ἀνακωχῇ
1120 626 1196 695 δὲ
1248 631 1323 694 τὸ
1378 631 1664 716 ἄρθρον·
1728 631 1845 696 τὸν
1901 631 1975 695 δὲ
2017 632 2178 716 βρα-

168 738 357 819 χίονα
394 737 519 822 χρὴ
557 735 624 814 ἐς
659 738 732 801 τὸ
770 738 907 802 ἄνω
955 737 1241 822 ῥέποντα
1283 743 1495 821 ἴσχειν
1539 738 1620 801 τὰ
1662 742 1957 802 πλεῖστα·
2005 736 2180 801 οὕτω
2235 759 2260 799 5

166 843 284 927 γὰρ
335 841 422 907 ἂν
460 842 789 908 ἑκαστάτω
837 849 937 925 εἴη
984 852 1105 908 τοῦ
1147 845 1416 928 χωρίου,
1465 842 1530 920 ἐς
1574 843 1611 907 ὃ
1658 844 1949 909 ὤλισθεν
1993 844 2034 927 ἡ
2078 867 2182 908 κε-

168 950 340 1032 φαλὴ
395 957 518 1014 τοῦ
575 951 777 1035 ὤμου.
869 952 992 1037 χρὴ
1058 946 1129 1015 δὲ
1194 951 1355 1015 ὅταν
1418 948 1736 1035 ἐπιδήσῃς
1796 951 1917 1015 τὸν
1978 946 2181 1035 ὦμον,

167 1051 384 1121 ἔπειτα
430 1059 916 1140 προσκαταδεῐν
971 1058 1090 1122 τὸν
1142 1060 1465 1144 βραχίονα
1516 1058 1683 1141 πρὸς
1737 1057 1854 1134 τὰς
1896 1058 2184 1144 πλευρὰς

168 1165 381 1248 ταινίῃ
430 1162 563 1228 τινὶ
610 1164 829 1252 κύκλῳ
888 1163 1042 1251 περὶ
1092 1165 1165 1229 τὸ
1226 1176 1414 1248 σῶμα
1469 1164 1968 1250 περιβάλλοντα.
2058 1166 2181 1249 χρὴ

172 1269 240 1334 δὲ
283 1270 397 1335 ’καὶ
445 1268 829 1356 ἄνατρίβειν
882 1271 1002 1335 τὸν
1065 1266 1247 1355 ὦμον
1310 1271 1640 1355 ἡσυχαίως
1694 1272 1802 1335 καὶ
1864 1274 2181 1357 λιπαρῶς·
2210 1290 2264 1329 ιο

172 1381 435 1441 πολλῶν
481 1376 556 1440 δὲ
601 1372 939 1464 ἔμπειρον
972 1372 1144 1442 εἶναι
1205 1379 1308 1442 δεῖ
1369 1380 1486 1442 τὸν
1547 1380 1800 1462 ἰητρόν,
1845 1376 2027 1459 ,ἀτὰρ
2072 1379 2183 1441 καὶ

171 1480 580 1566 ἀνατρίψιος·
635 1481 763 1548 ἀπὸ
820 1484 945 1568 γὰρ
993 1492 1112 1548 τοῦ
1158 1482 1370 1548 αὐτοῦ
1415 1483 1736 1568 ὀνόματος
1782 1484 1862 1549 οὐ
1908 1484 2119 1549 τώυτὸ
2171 1482 2178 1569 Ι

173 1587 540 1673 ἀποβαίνει·
586 1589 696 1654 καὶ
741 1591 867 1673 γὰρ
905 1587 1000 1655 ’ἄν
1045 1591 1308 1674 δήσειεν
1354 1591 1617 1674 ἄρθρον
1663 1590 2010 1677 ἆνάτριψις
2055 1615 2166 1675 χα-
2187 1615 2287 1664 102

175 1697 542 1781 λαρώτερον
589 1694 701 1760 ἐὸν
745 1705 866 1760 τοῦ
912 1705 1148 1781 καιροῦ
1195 1698 1305 1761 καὶ
1360 1697 1624 1761 λύσειεν
1679 1697 1942 1782 ἄρθρον
1987 1701 2183 1779 σκλη-
2251 1713 2258 1718 ·

176 1805 446 1887 ρότερον
490 1812 611 1868 τοῦ
658 1812 895 1887 καιροῦ
943 1802 1080 1869 ἐόν·
1126 1803 1291 1869 ἀλλὰ
1338 1804 1684 1887 διοριεῖται
1728 1804 1879 1886 περὶ
1920 1803 2182 1889 ἀνατρί-
2213 1835 2264 1877 16

176 1918 319 1987 ψιος
364 1907 439 1975 ἐν
486 1910 661 1975 ἄλλω
709 1912 910 1998 λόγῳ·
970 1910 1090 1976 τὸν
1146 1910 1220 1975 δὲ
1274 1905 1401 1976 οὖν
1448 1917 1756 1976 τοιοῦτον
1800 1904 1980 1995 ὦμον
2024 1915 2184 1995 μαλ-

179 2021 415 2102 θακῇσι
478 2016 803 2102 συμφέρει
866 2027 1014 2102 τῇσι
1078 2020 1306 2104 χερσὶν
1364 2017 1745 2104 ἄνατρίβειν
1806 2019 1915 2082 καὶ·
1974 2019 2186 2095 ἄλλως

177 2123 449 2206 πρηέως·
497 2124 571 2187 τὸ
602 2121 662 2187 δ’
699 2124 961 2208 ἄρθρον
990 2125 1316 2189 διακινεῖν
1341 2126 1427 2208 μὴ
1465 2126 1607 2210 βίῃ,
1645 2123 1809 2189 ἀλλὰ
1843 2134 2185 2208 τοσοῦτον,

179 2227 332 2293 ὅσον
366 2229 729 2306 ἀνωδύνως
764 2240 1047 2313 κινῆσαι.
1118 2233 1513 2296 καθίσταται
1550 2226 1623 2295 δὲ
1660 2232 1895 2314 πάντα,
1941 2233 2020 2297 τὰ
2063 2233 2186 2317 μὲν

181 2332 250 2399 ἐν
291 2335 517 2403 πλέονι
565 2339 803 2424 χρόνῳ,
849 2338 930 2401 τὰ
976 2335 1034 2400 δ’
1093 2336 1166 2401 ἐν
1213 2337 1536 2403 ε’λάσσονι.
2213 2368 2264 2407 20

318 2605 342 2651 1
380 2602 663 2654 πολλοῖσιν
690 2599 811 2653 MV
882 2601 1090 2655 ἑπιτιθ.
1119 2600 1170 2654 V
1313 2606 1344 2653 2
1383 2598 1559 2668 εἰρίον
1586 2600 1706 2654 MV
1778 2596 2185 2665 ξυνειλίσσοντα

182 2666 294 2721 MV
420 2677 451 2724 3
490 2669 888 2739 ἀντιστήρισμα
923 2671 969 2723 Β
1097 2678 1130 2724 4
1168 2671 1230 2742 ἔῃ
1257 2671 1378 2725 MV
1447 2670 1740 2742 ἀνακωχέῃ
1767 2670 1945 2734 codd„
1986 2669 2187 2738 scriptu

184 2746 295 2808 -χῇ,
339 2740 621 2806 ἀναπιέζει
657 2742 694 2794 i.
733 2759 804 2794 m.
842 2741 918 2795 Β2
1007 2740 1070 2797 δὲ
1107 2760 1213 2796 om.
1252 2742 1363 2807 M¹‚
1412 2759 1481 2796 ss.
1520 2742 1608 2794 Μ’
1758 2748 1789 2796 ὅ
1839 2741 2059 2811 σύσχειν
2095 2740 2185 2808 13¹,

182 2824 311 2863 corr.
347 2812 420 2865 13²
440 2837 444 2841 ¹
589 2818 621 2865 6
669 2829 838 2881 supra.
875 2813 952 2866 ἑκ.
991 2830 1058 2866 ss.
1098 2813 1436 2882 πορρωτάτω
1473 2813 1556 2866 13⁸
1644 2815 1775 2866 ante
1812 2812 1888 2867 ἐκ.
1928 2811 2056 2865 add.
2096 2811 2186 2881 οἴη

183 2877 262 2944 Μ,
296 2881 380 2951 οἴη
408 2883 460 2936 V
496 2882 603 2953 (εἴη
633 2882 756 2937 Par.
789 2882 848 2951 C)
918 2886 1048 2952 post
1084 2883 1169 2953 εἴη
1206 2901 1364 2938 rasus
1391 2883 1429 2936 1.
1467 2884 1528 2937 in
1563 2883 1621 2935 M
1693 2885 1876 2953 χώρου
1912 2883 1964 2936 V
2035 2883 2187 2938 εἰσὸν

184 2949 262 3002 Βι
292 2956 421 3008 mut.
459 2955 520 3008 in
557 2955 642 3008 εἰσ
680 2952 708 3008 ὃ
745 2954 829 3007 B³
1007 2961 1038 3008 9
1076 2955 1256 3010 κύκλω
1293 2957 1407 3009 τινὶ
1442 2954 1494 3008 V
1674 2960 1740 3007 10
1786 2951 2031 3024 ἡσυχέως
2065 2955 2188 3022 ΒΓ,

185 3019 389 3094 ἡσύχως
421 3026 567 3091 MV,
607 3022 807 3097 -χαίως
840 3025 938 3093 H¹‚
984 3026 1115 3081 Litt.
1208 3029 1457 3096 λιπαρως
1492 3045 1554 3081 εν
1591 3028 1773 3097 βρεχει
1809 3025 1845 3078 i.
1883 3043 1956 3079 m.
1994 3025 2070 3078 B²

189 3096 249 3144 11
282 3098 489 3151 πολλῶν
521 3139 533 3152 .
568 3140 579 3150 .
613 3140 623 3150 .
654 3095 873 3165 πρηέως
900 3097 955 3167 (1.
989 3099 1076 3166 18)
1105 3115 1210 3152 om.
1241 3102 1294 3151 Γ
1361 3099 1453 3152 δεῖ
1486 3092 1634 3152 εἶναι
1661 3097 1721 3149 M
1793 3096 1899 3150 ἰατ.
1930 3097 1988 3150 Μ
2059 3101 2190 3165 post

187 3162 315 3232 ἀτὰρ
350 3168 476 3221 add.
517 3167 587 3236 δὴ
617 3168 669 3222 V
814 3174 878 3221 12
919 3166 1121 3222 αὐτέου
1150 3168 1195 3221 Β
1293 3162 1506 3223 τῶϋ“τῶ
1543 3169 1614 3234 Β,
1650 3168 1715 3222 τὸ
1754 3168 1890 3222 αὐτὸ
1928 3168 2047 3223 MV

193 3238 268 3287 13.
307 3242 368 3290 14
403 3258 451 3308 χ.
487 3259 533 3293 τ.
566 3260 615 3292 κ.
649 3238 690 3293 ἑ.
729 3239 850 3293 MV
978 3245 1043 3293 15
1082 3244 1353 3306 διορεῖται
1388 3240 1461 3306 Β,
1508 3241 1793 3308 διώρισται
1830 3239 1950 3293 Gal.
1990 3256 2186 3295 comm.

288 3312 350 3360 16
387 3306 441 3362 δ’
484 3305 586 3365 οὖν
623 3309 745 3363 MV
891 3315 971 3363 16.
1013 3316 1077 3363 17
1127 3307 1470 3379 μαλθακῆισί
1505 3330 1564 3365 τε
1598 3311 1752 3382 χερσὶ
1787 3310 1953 3379 ξυμφ.
1993 3311 2186 3376 ἀνατρ.

190 3372 301 3428 MV
402 3385 467 3432 18
505 3379 566 3435 δὲ
594 3381 779 3435 MVP
816 3380 1150 3436 rdzoeucve‘m
1178 3382 1224 3434 B
1298 3381 1370 3450 μὴ
1407 3383 1558 3435 διακ.
1594 3388 1662 3451 τῇ
1690 3383 1739 3452 β.
1770 3380 1822 3434 V
1930 3385 1995 3434 19
2033 3379 2189 3445 κινή-

195 3459 337 3524 σεται
368 3449 500 3517 MV,
536 3469 729 3520 κινησε
769 3455 822 3505 Γ
922 3450 1261 3506 καθίσταται
1302 3496 1312 3505 .
1347 3496 1357 3505 .
1390 3495 1400 3505 .
1441 3451 1619 3507 ἐλάσσ.
1658 3469 1764 3505 om.
1803 3455 1856 3504 Γ
2011 3454 2079 3502 20
2128 3449 2188 3503 ἐν

201 3530 260 3567 m
291 3535 408 3573 raso
442 3521 478 3573 l.
507 3522 566 3574 M
639 3519 854 3577 πλείονι
890 3523 1010 3575 MV
1083 3523 1143 3577 δὲ
1181 3523 1302 3576 MV
1374 3519 1465 3576 ἐπ’
1507 3523 1552 3574 Β
