2588 3876
314 164 445 229 258
1015 167 1412 219 ΜοΧΛῙΚοΝ
1450 171 1534 219 23.
1566 171 1634 219 24

317 328 554 414 σάρκες
606 329 852 405 παντὸς
904 337 1026 393 τοῦ
1081 327 1345 404 σκέλεος
1398 327 1473 394 ἐν
1517 336 1678 393 πᾶσι
1724 330 2167 410 μινύθουσιν·
2233 327 2345 413 ἐφ’

317 427 452 501 οἶσι
508 432 582 501 δὲ
626 436 908 520 μάλιστα
953 433 1063 500 καὶ
1121 426 1192 521 ᾗ,
1254 440 1524 519 εἴρηται.
1621 436 1701 499 τὰ
1755 431 1918 521 ἔργα
1963 437 2044 500 τὰ
2091 432 2355 501 ἑωυτοῦ

317 541 598 607 ἕκαστον
642 551 764 608 τοῦ
812 543 1111 626 σώματος
1158 541 1596 627 ἐργαζόμενον
1640 538 1763 626 μὲν
1810 543 2054 626 ἰσχύει,
2103 542 2355 629 ἀργέον

316 649 392 714 δὲ
444 659 790 733 κακοῦται,
844 650 1018 732 πλὴν
1071 651 1313 732 κόπου,
1376 657 1698 735 πυρετοῦ,
1758 655 2155 733 φλεγμονῆς.
2238 651 2354 715 καὶ

262 780 287 820 5
315 756 390 820 τὸ
437 752 592 840 ἔξω,
647 756 749 820 ὅτι
794 753 863 832 ἐς
908 755 1118 840 σάρκα
1162 755 1600 838 ὑπείκουσαν,
1656 757 2093 841 βραχύτερον·
2155 757 2229 821 τὸ
2281 756 2346 821 δ’

318 864 478 946 ἔσω,
526 862 624 926 ὅτι
672 861 771 927 ἐπ’
818 861 1052 928 ὀστέον
1086 861 1394 948 προέχον,
1441 864 1873 948 μακρότερον·
1933 863 2018 947 ἢν
2053 859 2178 945 μὲν
2223 858 2356 929 οὖν

316 967 742 1053 ηὐξημένοισι
794 970 882 1054 μὴ
938 967 1214 1054 ἐμπέσῃ,
1274 967 1381 1034 ἐπὶ
1435 971 1734 1051 βουβῶσι
1789 970 2123 1051 καμπύλοι
2171 970 2352 1036 ὁδοι-

318 1075 638 1162 πορέουσι
683 1073 794 1141 καὶ
840 1076 880 1160 ἡ
920 1075 1107 1160 ἑτέρη
1147 1076 1345 1160 ἰγνύη
1390 1075 1774 1157 κάμπτεται·
1832 1080 2112 1160 στήθεσι
2158 1079 2350 1161 μόγις

318 1188 758 1248 καθικνεῖται·
797 1181 966 1268 χειρὶ
1002 1183 1077 1246 τὸ
1118 1181 1349 1259 σκέλος
1383 1183 1890 1267 καταλαμβάνει,
1929 1184 2092 1248 ἄνευ
2123 1182 2354 1267 ξύλου,

238 1314 291 1355 10
319 1289 403 1373 ἢν
448 1285 800 1376 ἐθέλωσινζ·
863 1289 947 1373 ἢν
991 1284 1114 1373 μὲν
1161 1290 1286 1375 γὰρ
1334 1290 1744 1374 μακρότερον
1788 1281 1860 1376 ᾗ,
1917 1290 1999 1354 οὐ
2046 1292 2354 1373 βήσεται·

318 1396 402 1478 ἢν
440 1395 513 1459 δὲ
548 1397 777 1480 βαίνῃ,
823 1396 1054 1481 βραχύ.
1128 1380 1492 1479 μινύθησις
1529 1396 1603 1460 δὲ
1641 1407 1936 1482 σαρκῶν,
1976 1387 2112 1460 οἷσι
2149 1399 2350 1462 πόνοι

317 1499 427 1566 καὶ
473 1502 513 1584 ἡ
562 1499 687 1578 ἵξις
731 1499 1139 1587 ἔμπροσθεν,
1196 1500 1307 1566 καὶ
1361 1509 1452 1590 τῷ
1492 1502 1671 1586 ὑγιεῖ
1715 1503 1878 1567 κατὰ
1924 1505 2157 1586 λόγον·
2215 1494 2351 1568 οἷσι

319 1606 376 1672 δ’
425 1606 498 1672 ἐκ
556 1617 786 1691 γενεῆς
843 1609 883 1693 ἢ
944 1607 1409 1691 αὐξομένοισιν
1469 1609 1509 1693 ἢ
1568 1609 1697 1673 ὑπὸ
1760 1610 2013 1674 νούσου
2073 1608 2345 1692 ἐνόσησε

318 1714 429 1780 καὶ
484 1714 776 1802 ἔξαρθρα
831 1714 1092 1799 ἐγένετο
1139 1751 1229 1761 ·-—
1283 1713 1358 1781 ἐν
1415 1706 1546 1799 αἶς,
1605 1717 1963 1811 εἰρήσεται,
2011 1753 2102 1762 -
2158 1711 2347 1780 οὗτοι

240 1847 291 1888 15
318 1823 603 1907 μάλιστα
647 1831 1007 1888 κακοῦνται
1062 1823 1174 1887 διὰ
1228 1823 1352 1905 τὴν
1406 1833 1541 1887 τῶν
1594 1822 1856 1908 νεύρων
1884 1821 2021 1913 ,καὶ
2068 1824 2354 1908 ἄρθρων
2463 1849 2467 1852 “

319 1928 584 2016 ἀργίην·
649 1927 759 1995 καὶ
812 1930 886 1994 τὸ
947 1930 1113 2014 γόνυ
1171 1929 1281 1994 διὰ
1337 1930 1417 1994 τὰ
1472 1927 1783 2016 εἰρημένα
1828 1940 2356 2013 συγκακοῦνται·

320 2035 858 2128 συγκεκαμμένον
905 2032 1089 2101 οὗτοι
1137 2038 1397 2122 ἔχοντες
1433 2036 1940 2122 ὁδοιπορέουσιν
1987 2035 2096 2102 ἐπὶ
2144 2035 2358 2113 ξύλου

322 2141 470 2219 ἑνὸς
515 2142 556 2227 ’ἢ
603 2143 753 2208 δύο·
809 2144 883 2207 τὸ
932 2141 990 2208 δ’
1036 2139 1221 2227 ὑγιὲς
1267 2143 1596 2227 εὔσαρκον
1642 2144 1753 2208 διὰ
1799 2152 2052 2228 χρῆσιν.

456 2249 560 2313 24.
637 2240 790 2314 Οἷσι
855 2247 914 2313 δ’
980 2247 1047 2326 ἐς
1110 2250 1613 2336 τοῦμπροσθεν,
1696 2260 1931 2335 σημεῖα
2002 2249 2355 2315 τάναντία·

242 2383 295 2422 20
321 2358 607 2422 ὄπισθεν
679 2357 1009 2443 λαπαρόν,
1085 2358 1467 2442 ἔμπροσθεν
1539 2354 1794 2440 ἐξέχον·
1879 2358 2118 2439 ἥκιστα
2192 2373 2355 2440 συγ-

320 2464 736 2546 κάμπτουσιν
781 2457 965 2529 οὗτοι
1011 2462 1087 2528 τὸ
1137 2461 1396 2545 σκέλος,
1450 2462 1733 2544 μάλιστα
1789 2463 1863 2527 δὲ
1908 2461 2359 2529 ἐκτείνουσιν·

322 2570 532 2657 ὀρθὸς
558 2570 746 2652 πούς,
774 2568 1005 2645 σκέλος
1034 2575 1204 2653 ἴσον,
1232 2568 1505 2655 πτέρνη·
1551 2572 1783 2654 βραχεῖ
1810 2568 2009 2655 ἄκρος
2037 2568 2361 2636 ἀνέσταλ-

321 2700 446 2742 ται.
531 2676 628 2762 [ἢ]
689 2675 1007 2741 πονέουσι
1067 2676 1350 2757 μάλιστα
1409 2669 1596 2740 οὗτοι
1652 2675 1925 2759 αὐτίκα,
1973 2674 2086 2741 καὶ
2141 2671 2357 2762 οὖρον

215 2798 321 2848 368
345 2784 594 2868 ἴσχεται
640 2782 922 2866 μάλιστα
954 2780 961 2869 Ι
995 2780 1069 2847 ἐν
1114 2782 1409 2847 τούτοισι
1445 2791 1662 2847 τοῖσιν
1708 2780 2228 2868 ἐξαρθρήμασιν·
2277 2781 2359 2847 ἐν

468 2981 497 3028 1
537 2974 844 3044 μινύθουσι
879 2974 939 3028 Μ
1110 2980 1140 3028 2
1187 2966 1222 3047 ᾖ
1261 2975 1346 3042 Μ,
1393 2974 1428 3028 i.
1468 2992 1538 3028 m.
1578 2974 1675 3042 IL,
1732 2971 1788 3029 οἳ
1825 2976 1927 3028 cet.
2103 2981 2135 3029 5
2175 2972 2233 3029 δ’
2274 2975 2354 3041 Μ,

325 3044 389 3099 δὲ
428 3047 530 3099 oet.
670 3051 699 3099 7
746 3043 1139 3116 ηὐξημένοισιν
1165 3046 1227 3099 Μ
1338 3051 1382 3099 7.
1414 3050 1447 3098 8
1486 3044 1913 3113 ὁδοιπορέουσιν
1951 3046 2011 3099 Μ
2120 3050 2153 3100 8
2191 3044 2365 3116 μόγις

324 3116 401 3183 Μ,
438 3115 594 3185 μόλις
629 3117 733 3170 cet.
864 3122 896 3169 9
934 3127 1174 3171 κινεῖται
1211 3117 1399 3183 codd.‚
1440 3115 1545 3170 ἱκν.
1584 3117 1745 3183 Lim,
1782 3119 2012 3171 καθικν.
2051 3118 2210 3172 Foes.
2251 3117 2355 3185 Pq.

327 3187 474 3240 sicut
516 3206 574 3241 π.
612 3188 747 3255 ἀρθ.
780 3189 894 3279 ἐμβ.
935 3205 980 3242 c.
1012 3193 1080 3241 58
1228 3193 1293 3243 10
1333 3187 1672 3244 ἐθισθέωσιν
1708 3187 1837 3241 Wb.
1870 3188 2018 3242 sicut
2052 3190 2184 3257 περὶ
2219 3190 2273 3242 ἀ.
2309 3189 2354 3243 ἔ.

327 3263 447 3324 204,
488 3263 554 3310 12
719 3264 785 3311 12
824 3258 968 3327 ἰηξις
1001 3259 1061 3326 J,
1108 3257 1255 3326 ἥιξις
1301 3262 1404 3314 cet.
1445 3260 1623 3325 codd„
1661 3258 1697 3327 ἡ
1734 3257 1840 3324 ἰξις
1874 3260 2030 3314 Foes,
2071 3260 2204 3314 Litt.

330 3333 395 3380 13
434 3327 641 3381 νούσου
678 3327 815 3394 DN,
863 3328 1036 3384 νόσου
1071 3330 1131 3383 Μ
1168 3330 1316 3399 vulg.
1475 3335 1540 3384 18
1587 3327 1646 3384 δ’
1678 3330 1762 3397 Μ,
1818 3329 1882 3385 δὲ
1920 3334 2023 3385 cet.
2185 3336 2250 3384 19
2291 3328 2352 3385 δ’

327 3398 403 3463 Μ,
444 3397 506 3451 δὲ
542 3399 646 3451 cet.
767 3404 851 3451 20.
883 3405 947 3452 21
988 3400 1139 3469 ξυγκ.
1177 3401 1354 3471 vulg„
1392 3399 1809 3471 ξυγκάμπτουσι
1845 3401 1905 3454 Μ
2032 3408 2099 3455 22
2136 3399 2362 3470 πτέρνα

329 3468 489 3521 codd.
600 3467 770 3534 ἄκρος
806 3468 873 3521 cf.
911 3488 968 3523 π.
1010 3470 1140 3538 ἄρθ.
1182 3470 1296 3543 ἐμβ.
1339 3489 1383 3526 c.
1416 3477 1509 3539 59,
1549 3472 1733 3541 ἄκρως
1768 3472 1927 3527 codd.
1959 3476 2019 3527 et
2045 3476 2148 3542 Ap.
2187 3491 2242 3542 p.
2283 3477 2355 3526 31

436 3543 503 3589 23
542 3534 577 3605 ἢ
615 3536 822 3605 delevi,
861 3530 895 3610 ᾗ
929 3539 1057 3594 Wb.
1204 3547 1272 3594 24
1311 3542 1691 3613 ἐξαρθρήμασι
1724 3544 1787 3597 Μ
