<?xml version="1.0" encoding="UTF-8"?>
<!DOCTYPE html PUBLIC "-//W3C//DTD XHTML 1.0 Transitional//EN"
    "http://www.w3.org/TR/xhtml1/DTD/xhtml1-transitional.dtd">
<html xmlns="http://www.w3.org/1999/xhtml" xml:lang="en" lang="en">
 <head>
  <title>
</title>
<meta http-equiv="Content-Type" content="text/html;charset=utf-8" />
  <meta name='ocr-system' content='tesseract 3.04.00' />
  <meta name='ocr-capabilities' content='ocr_page ocr_carea ocr_par ocr_line ocrx_word'/>
</head>
<body>
  <div class='ocr_page' id='page_1' title='image "./operaqvaefervnt00ilbegoog_0318.png"; bbox 0 0 2588 3876; ppageno 0'>
   <div class='ocr_carea' id='block_1_1' title="bbox 312 187 1689 252">
    <p class='ocr_par' dir='ltr' id='par_1_1' title="bbox 312 187 1689 252">
     <span class='ocr_line' id='line_1_1' title="bbox 312 187 1689 252; baseline -0.009 0"><span class='ocrx_word' id='word_1_1' title='bbox 312 187 445 252; x_wconf 74' lang='lat'><strong><em>270</em></strong></span> <span class='ocrx_word' id='word_1_2' title='bbox 957 191 1354 242; x_wconf 72' lang='grc' dir='ltr'>ΜΟΧΛΙΚΟΝ</span> <span class='ocrx_word' id='word_1_3' title='bbox 1392 193 1474 242; x_wconf 83' lang='lat'><strong><em>38.</em></strong></span> <span class='ocrx_word' id='word_1_4' title='bbox 1506 194 1589 242; x_wconf 82' lang='lat'><strong><em>39.</em></strong></span> <span class='ocrx_word' id='word_1_5' title='bbox 1620 193 1689 241; x_wconf 84' lang='lat'><strong><em>40</em></strong></span> 
     </span>
    </p>
   </div>
   <div class='ocr_carea' id='block_1_2' title="bbox 203 349 2344 3499">
    <p class='ocr_par' dir='ltr' id='par_1_2' title="bbox 256 349 2344 973">
     <span class='ocr_line' id='line_1_2' title="bbox 312 349 2344 437; baseline 0 -22"><span class='ocrx_word' id='word_1_6' title='bbox 312 374 532 434; x_wconf 84' lang='grc' dir='ltr'><strong><em>γωνον</em></strong></span> <span class='ocrx_word' id='word_1_7' title='bbox 586 352 1019 436; x_wconf 87' lang='grc' dir='ltr'><strong><em>καταγλυφὴν</em></strong></span> <span class='ocrx_word' id='word_1_8' title='bbox 1074 352 1238 416; x_wconf 80' lang='grc' dir='ltr'><strong><em>ὥστε</em></strong></span> <span class='ocrx_word' id='word_1_9' title='bbox 1296 354 1654 416; x_wconf 87' lang='grc' dir='ltr'><strong><em>στυλίσκον</em></strong></span> <span class='ocrx_word' id='word_1_10' title='bbox 1699 349 1973 434; x_wconf 80' lang='grc' dir='ltr'><strong><em>ἐνεῖναι,</em></strong></span> <span class='ocrx_word' id='word_1_11' title='bbox 2031 351 2106 427; x_wconf 87' lang='grc' dir='ltr'><strong><em>ὃς</em></strong></span> <span class='ocrx_word' id='word_1_12' title='bbox 2158 353 2344 437; x_wconf 76' lang='grc' dir='ltr'><strong><em>παρὰ</em></strong></span> 
     </span>
     <span class='ocr_line' id='line_1_3' title="bbox 309 456 2342 544; baseline 0 -22"><span class='ocrx_word' id='word_1_13' title='bbox 309 461 620 544; x_wconf 89' lang='grc' dir='ltr'><strong><em>περίνεον</em></strong></span> <span class='ocrx_word' id='word_1_14' title='bbox 665 456 794 523; x_wconf 76' lang='grc' dir='ltr'><strong><em>ἐὼν</em></strong></span> <span class='ocrx_word' id='word_1_15' title='bbox 829 457 1252 544; x_wconf 86' lang='grc' dir='ltr'><strong><em>περιρρέπειν</em></strong></span> <span class='ocrx_word' id='word_1_16' title='bbox 1297 482 1367 523; x_wconf 90' lang='grc' dir='ltr'><strong><em>τε</em></strong></span> <span class='ocrx_word' id='word_1_17' title='bbox 1405 460 1688 523; x_wconf 79' lang='grc' dir='ltr'><em>κωλύσει</em></span> <span class='ocrx_word' id='word_1_18' title='bbox 1725 456 1855 524; x_wconf 81' lang='grc' dir='ltr'><strong><em>ἐών</em></strong></span> <span class='ocrx_word' id='word_1_19' title='bbox 1891 482 1961 523; x_wconf 88' lang='grc' dir='ltr'><strong><em>τε</em></strong></span> <span class='ocrx_word' id='word_1_20' title='bbox 2007 458 2342 542; x_wconf 87' lang='grc' dir='ltr'><strong><em>ὑποχαλα-</em></strong></span> 
     </span>
     <span class='ocr_line' id='line_1_4' title="bbox 314 561 2341 653; baseline 0 -24"><span class='ocrx_word' id='word_1_21' title='bbox 314 566 428 649; x_wconf 86' lang='grc' dir='ltr'><strong><em>ρὸς</em></strong></span> <span class='ocrx_word' id='word_1_22' title='bbox 471 564 971 649; x_wconf 80' lang='grc' dir='ltr'><strong><em>ὑπομοχλεύσει.</em></strong></span> <span class='ocrx_word' id='word_1_23' title='bbox 1053 567 1176 652; x_wconf 86' lang='grc' dir='ltr'><strong><em>χρὴ</em></strong></span> <span class='ocrx_word' id='word_1_24' title='bbox 1215 561 1288 630; x_wconf 76' lang='grc' dir='ltr'><strong><em>δὲ</em></strong></span> <span class='ocrx_word' id='word_1_25' title='bbox 1326 576 1442 650; x_wconf 81' lang='grc' dir='ltr'><strong><em>τῆς</em></strong></span> <span class='ocrx_word' id='word_1_26' title='bbox 1478 565 1750 642; x_wconf 79' lang='grc' dir='ltr'><em>σανίδος</em></span> <span class='ocrx_word' id='word_1_27' title='bbox 1795 566 1835 649; x_wconf 77' lang='grc' dir='ltr'><em>ἢ</em></span> <span class='ocrx_word' id='word_1_28' title='bbox 1881 563 1957 630; x_wconf 81' lang='grc' dir='ltr'><strong><em>ἐν</em></strong></span> <span class='ocrx_word' id='word_1_29' title='bbox 2002 574 2094 653; x_wconf 76' lang='grc' dir='ltr'><strong><em>τῷ</em></strong></span> <span class='ocrx_word' id='word_1_30' title='bbox 2139 564 2341 653; x_wconf 67' lang='grc' dir='ltr'><strong><em>τοίχῳ</em></strong></span> 
     </span>
     <span class='ocr_line' id='line_1_5' title="bbox 309 668 2341 757; baseline -0 -20"><span class='ocrx_word' id='word_1_31' title='bbox 309 672 386 737; x_wconf 87' lang='grc' dir='ltr'><strong><em>τὸ</em></strong></span> <span class='ocrx_word' id='word_1_32' title='bbox 434 673 641 756; x_wconf 79' lang='grc' dir='ltr'><strong><em>ἄκρον</em></strong></span> <span class='ocrx_word' id='word_1_33' title='bbox 686 672 1310 756; x_wconf 88' lang='grc' dir='ltr'><strong><em>καταγεγλυμμένον</em></strong></span> <span class='ocrx_word' id='word_1_34' title='bbox 1354 696 1418 737; x_wconf 88' lang='grc' dir='ltr'><strong><em>τι</em></strong></span> <span class='ocrx_word' id='word_1_35' title='bbox 1456 670 1732 757; x_wconf 80' lang='grc' dir='ltr'><strong><em>ἐχούσης</em></strong></span> <span class='ocrx_word' id='word_1_36' title='bbox 1767 681 1888 737; x_wconf 86' lang='grc' dir='ltr'><strong><em>τοῦ</em></strong></span> <span class='ocrx_word' id='word_1_37' title='bbox 1928 670 2131 749; x_wconf 82' lang='grc' dir='ltr'><em>ξύλου</em></span> <span class='ocrx_word' id='word_1_38' title='bbox 2170 668 2341 738; x_wconf 81' lang='grc' dir='ltr'><strong><em>ὦσαι</em></strong></span> 
     </span>
     <span class='ocr_line' id='line_1_6' title="bbox 256 776 2340 866; baseline -0.002 -18"><span class='ocrx_word' id='word_1_39' title='bbox 256 808 280 848; x_wconf 87' lang='lat'><strong>5</strong></span> <span class='ocrx_word' id='word_1_40' title='bbox 308 780 382 843; x_wconf 90' lang='grc' dir='ltr'><strong><em>τὸ</em></strong></span> <span class='ocrx_word' id='word_1_41' title='bbox 448 779 682 865; x_wconf 79' lang='grc' dir='ltr'><strong><em>ἄκρον,</em></strong></span> <span class='ocrx_word' id='word_1_42' title='bbox 748 778 855 845; x_wconf 81' lang='grc' dir='ltr'><strong><em>ἐπὶ</em></strong></span> <span class='ocrx_word' id='word_1_43' title='bbox 911 776 986 845; x_wconf 71' lang='grc' dir='ltr'><strong><em>δὲ</em></strong></span> <span class='ocrx_word' id='word_1_44' title='bbox 1031 781 1283 866; x_wconf 80' lang='grc' dir='ltr'><em>θάτερα</em></span> <span class='ocrx_word' id='word_1_45' title='bbox 1348 778 1862 863; x_wconf 77' lang='grc' dir='ltr'><strong><em>καταναγκάζειν</em></strong></span> <span class='ocrx_word' id='word_1_46' title='bbox 1923 778 2340 844; x_wconf 81' lang='grc' dir='ltr'><strong><em>ὑποτιθέντα</em></strong></span> 
     </span>
     <span class='ocr_line' id='line_1_7' title="bbox 308 888 2145 973; baseline 0.002 -22"><span class='ocrx_word' id='word_1_47' title='bbox 308 888 618 967; x_wconf 76' lang='grc' dir='ltr'><strong><em>μαλθακὰ</em></strong></span> <span class='ocrx_word' id='word_1_48' title='bbox 665 888 1018 973; x_wconf 86' lang='grc' dir='ltr'><strong><em>σύμμετρα.</em></strong></span> <span class='ocrx_word' id='word_1_49' title='bbox 2141 903 2145 906; x_wconf 79' lang='grc'><strong>’</strong></span> 
     </span>
    </p>

    <p class='ocr_par' dir='ltr' id='par_1_3' title="bbox 203 985 2342 3000">
     <span class='ocr_line' id='line_1_8' title="bbox 443 985 2341 1083; baseline 0 -26"><span class='ocrx_word' id='word_1_50' title='bbox 443 992 547 1058; x_wconf 82' lang='grc'><strong><em>39.</em></strong></span> <span class='ocrx_word' id='word_1_51' title='bbox 612 985 810 1059; x_wconf 88' lang='grc' dir='ltr'><strong><em>Οἷσιν</em></strong></span> <span class='ocrx_word' id='word_1_52' title='bbox 847 993 1082 1060; x_wconf 83' lang='grc' dir='ltr'><strong><em>ὀστέον</em></strong></span> <span class='ocrx_word' id='word_1_53' title='bbox 1128 993 1252 1059; x_wconf 80' lang='grc' dir='ltr'><strong><em>ἀπὸ</em></strong></span> <span class='ocrx_word' id='word_1_54' title='bbox 1290 990 1593 1083; x_wconf 74' lang='grc' dir='ltr'><strong><em>ὑπερῴης</em></strong></span> <span class='ocrx_word' id='word_1_55' title='bbox 1629 992 1959 1076; x_wconf 79' lang='grc' dir='ltr'><strong><em>ἀπῆλθεν,</em></strong></span> <span class='ocrx_word' id='word_1_56' title='bbox 2005 992 2171 1077; x_wconf 83' lang='grc' dir='ltr'><strong><em>μέση</em></strong></span> <span class='ocrx_word' id='word_1_57' title='bbox 2219 994 2341 1072; x_wconf 79' lang='grc' dir='ltr'><strong><em>ἵζει</em></strong></span> 
     </span>
     <span class='ocr_line' id='line_1_9' title="bbox 309 1098 2342 1186; baseline 0 -22"><span class='ocrx_word' id='word_1_58' title='bbox 309 1099 349 1183; x_wconf 82' lang='grc' dir='ltr'><em>ἡ</em></span> <span class='ocrx_word' id='word_1_59' title='bbox 398 1098 502 1185; x_wconf 75' lang='grc' dir='ltr'><strong><em>ῥὶς</em></strong></span> <span class='ocrx_word' id='word_1_60' title='bbox 553 1101 831 1177; x_wconf 80' lang='grc' dir='ltr'><strong><em>τούτοις.</em></strong></span> <span class='ocrx_word' id='word_1_61' title='bbox 916 1102 981 1166; x_wconf 80' lang='grc' dir='ltr'><strong><em>οὶ</em></strong></span> <span class='ocrx_word' id='word_1_62' title='bbox 1028 1101 1103 1166; x_wconf 78' lang='grc' dir='ltr'><strong><em>δὲ</em></strong></span> <span class='ocrx_word' id='word_1_63' title='bbox 1158 1101 1495 1186; x_wconf 84' lang='grc' dir='ltr'><strong><em>φλώμενοι</em></strong></span> <span class='ocrx_word' id='word_1_64' title='bbox 1551 1101 1840 1184; x_wconf 80' lang='grc' dir='ltr'><strong><em>κἐφαλὰς</em></strong></span> <span class='ocrx_word' id='word_1_65' title='bbox 1894 1101 2055 1164; x_wconf 79' lang='grc' dir='ltr'><strong><em>ἄνευ</em></strong></span> <span class='ocrx_word' id='word_1_66' title='bbox 2114 1099 2342 1176; x_wconf 80' lang='grc' dir='ltr'><strong><em>ἕλκεος</em></strong></span> 
     </span>
     <span class='ocr_line' id='line_1_10' title="bbox 309 1205 2340 1292; baseline -0.001 -20"><span class='ocrx_word' id='word_1_67' title='bbox 309 1206 350 1291; x_wconf 79' lang='grc' dir='ltr'>ἢ</span> <span class='ocrx_word' id='word_1_68' title='bbox 394 1211 713 1285; x_wconf 79' lang='grc' dir='ltr'><strong><em>πεσόντος</em></strong></span> <span class='ocrx_word' id='word_1_69' title='bbox 758 1208 798 1292; x_wconf 79' lang='grc' dir='ltr'><em>ἢ</em></span> <span class='ocrx_word' id='word_1_70' title='bbox 844 1206 1240 1285; x_wconf 82' lang='grc' dir='ltr'><strong><em>κατάξαντος</em></strong></span> <span class='ocrx_word' id='word_1_71' title='bbox 1285 1206 1327 1290; x_wconf 79' lang='grc' dir='ltr'><em>ἢ</em></span> <span class='ocrx_word' id='word_1_72' title='bbox 1372 1207 1748 1290; x_wconf 80' lang='grc' dir='ltr'><strong><em>πιέσαντος,</em></strong></span> <span class='ocrx_word' id='word_1_73' title='bbox 1794 1207 2052 1271; x_wconf 83' lang='grc' dir='ltr'><strong><em>τούτων</em></strong></span> <span class='ocrx_word' id='word_1_74' title='bbox 2097 1205 2340 1271; x_wconf 84' lang='grc' dir='ltr'><strong><em>ἐνίοισι</em></strong></span> 
     </span>
     <span class='ocr_line' id='line_1_11' title="bbox 230 1310 2338 1400; baseline -0.003 -17"><span class='ocrx_word' id='word_1_75' title='bbox 230 1343 281 1383; x_wconf 87' lang='lat'><strong><em>10</em></strong></span> <span class='ocrx_word' id='word_1_76' title='bbox 309 1315 389 1377; x_wconf 85' lang='grc' dir='ltr'><strong><em>τὰ</em></strong></span> <span class='ocrx_word' id='word_1_77' title='bbox 434 1313 671 1400; x_wconf 87' lang='grc' dir='ltr'><strong><em>δριμέα</em></strong></span> <span class='ocrx_word' id='word_1_78' title='bbox 704 1312 960 1399; x_wconf 78' lang='grc' dir='ltr'><strong><em>ἔρχεται</em></strong></span> <span class='ocrx_word' id='word_1_79' title='bbox 998 1313 1125 1378; x_wconf 81' lang='grc' dir='ltr'><strong><em>ἀπὸ</em></strong></span> <span class='ocrx_word' id='word_1_80' title='bbox 1162 1318 1453 1399; x_wconf 81' lang='grc' dir='ltr'><strong><em>κεφαλῆς</em></strong></span> <span class='ocrx_word' id='word_1_81' title='bbox 1489 1315 1652 1379; x_wconf 81' lang='grc' dir='ltr'><strong><em>κατὰ</em></strong></span> <span class='ocrx_word' id='word_1_82' title='bbox 1687 1314 1803 1390; x_wconf 86' lang='grc' dir='ltr'><strong><em>τὰς</em></strong></span> <span class='ocrx_word' id='word_1_83' title='bbox 1838 1314 2191 1398; x_wconf 77' lang='grc' dir='ltr'><strong><em>φάρυγγας</em></strong></span> <span class='ocrx_word' id='word_1_84' title='bbox 2226 1310 2338 1377; x_wconf 79' lang='grc' dir='ltr'><strong><em>καὶ</em></strong></span> 
     </span>
     <span class='ocr_line' id='line_1_12' title="bbox 310 1416 2339 1507; baseline 0 -23"><span class='ocrx_word' id='word_1_85' title='bbox 310 1420 439 1485; x_wconf 81' lang='grc' dir='ltr'><strong><em>ἀπὸ</em></strong></span> <span class='ocrx_word' id='word_1_86' title='bbox 467 1422 803 1505; x_wconf 83' lang='grc' dir='ltr'><strong><em>τρώματος</em></strong></span> <span class='ocrx_word' id='word_1_87' title='bbox 829 1419 905 1486; x_wconf 78' lang='grc' dir='ltr'><strong><em>ἐν</em></strong></span> <span class='ocrx_word' id='word_1_88' title='bbox 932 1430 1010 1506; x_wconf 80' lang='grc' dir='ltr'><strong><em>τῇ</em></strong></span> <span class='ocrx_word' id='word_1_89' title='bbox 1041 1425 1292 1507; x_wconf 80' lang='grc' dir='ltr'><strong><em>κεφαλῇ</em></strong></span> <span class='ocrx_word' id='word_1_90' title='bbox 1322 1419 1390 1498; x_wconf 79' lang='grc' dir='ltr'><strong><em>ἐς</em></strong></span> <span class='ocrx_word' id='word_1_91' title='bbox 1416 1421 1490 1486; x_wconf 91' lang='grc' dir='ltr'><strong><em>τὸ</em></strong></span> <span class='ocrx_word' id='word_1_92' title='bbox 1518 1416 1695 1504; x_wconf 82' lang='grc' dir='ltr'><strong><em>ἧπαρ</em></strong></span> <span class='ocrx_word' id='word_1_93' title='bbox 1724 1421 1834 1485; x_wconf 85' lang='grc' dir='ltr'><strong><em>καὶ</em></strong></span> <span class='ocrx_word' id='word_1_94' title='bbox 1862 1418 1930 1497; x_wconf 79' lang='grc' dir='ltr'><strong><em>ἐς</em></strong></span> <span class='ocrx_word' id='word_1_95' title='bbox 1956 1421 2076 1485; x_wconf 89' lang='grc' dir='ltr'><strong><em>τὸν</em></strong></span> <span class='ocrx_word' id='word_1_96' title='bbox 2102 1422 2339 1504; x_wconf 87' lang='grc' dir='ltr'><strong><em>μηρόν.</em></strong></span> 
     </span>
     <span class='ocr_line' id='line_1_13' title="bbox 443 1525 2335 1614; baseline -0.001 -22"><span class='ocrx_word' id='word_1_97' title='bbox 443 1527 547 1592; x_wconf 88' lang='grc'><strong><em>40.</em></strong></span> <span class='ocrx_word' id='word_1_98' title='bbox 626 1531 882 1611; x_wconf 88' lang='grc' dir='ltr'><strong><em>Σημεῖα</em></strong></span> <span class='ocrx_word' id='word_1_99' title='bbox 927 1528 1498 1614; x_wconf 89' lang='grc' dir='ltr'><strong><em>παραλλαγμάτων</em></strong></span> <span class='ocrx_word' id='word_1_100' title='bbox 1552 1525 1662 1592; x_wconf 84' lang='grc' dir='ltr'><strong><em>καὶ</em></strong></span> <span class='ocrx_word' id='word_1_101' title='bbox 1709 1525 2171 1610; x_wconf 81' lang='grc' dir='ltr'><strong><em>ἐκπτωμάτων,</em></strong></span> <span class='ocrx_word' id='word_1_102' title='bbox 2225 1525 2335 1591; x_wconf 81' lang='grc' dir='ltr'><strong><em>καὶ</em></strong></span> 
     </span>
     <span class='ocr_line' id='line_1_14' title="bbox 203 1625 2340 1720; baseline -0.001 -20"><span class='ocrx_word' id='word_1_103' title='bbox 203 1625 369 1718; x_wconf 77' lang='grc' dir='ltr'><strong><em>38ὃῇ</em></strong></span> <span class='ocrx_word' id='word_1_104' title='bbox 413 1634 522 1698; x_wconf 83' lang='grc' dir='ltr'><strong><em>καὶ</em></strong></span> <span class='ocrx_word' id='word_1_105' title='bbox 571 1633 749 1711; x_wconf 81' lang='grc' dir='ltr'><strong><em>ὅπως</em></strong></span> <span class='ocrx_word' id='word_1_106' title='bbox 788 1631 797 1720; x_wconf 85' lang='grc' dir='ltr'>Ι</span> <span class='ocrx_word' id='word_1_107' title='bbox 837 1635 946 1700; x_wconf 84' lang='grc' dir='ltr'><strong><em>καὶ</em></strong></span> <span class='ocrx_word' id='word_1_108' title='bbox 994 1634 1156 1701; x_wconf 81' lang='grc' dir='ltr'><strong><em>ὅσον</em></strong></span> <span class='ocrx_word' id='word_1_109' title='bbox 1215 1633 1519 1720; x_wconf 74' lang='grc' dir='ltr'><strong><em>διαφέρει</em></strong></span> <span class='ocrx_word' id='word_1_110' title='bbox 1578 1643 1785 1698; x_wconf 87' lang='grc' dir='ltr'><strong><em>ταῦτα</em></strong></span> <span class='ocrx_word' id='word_1_111' title='bbox 1843 1635 2007 1719; x_wconf 90' lang='grc' dir='ltr'><strong><em>πρὸς</em></strong></span> <span class='ocrx_word' id='word_1_112' title='bbox 2066 1635 2340 1718; x_wconf 78' lang='grc' dir='ltr'><strong><em>ἄλληλα,</em></strong></span> 
     </span>
     <span class='ocr_line' id='line_1_15' title="bbox 310 1731 2339 1827; baseline -0 -22"><span class='ocrx_word' id='word_1_113' title='bbox 310 1742 419 1806; x_wconf 87' lang='grc' dir='ltr'><strong><em>καὶ</em></strong></span> <span class='ocrx_word' id='word_1_114' title='bbox 467 1732 602 1806; x_wconf 88' lang='grc' dir='ltr'><strong><em>οἷσι</em></strong></span> <span class='ocrx_word' id='word_1_115' title='bbox 650 1742 894 1824; x_wconf 84' lang='grc' dir='ltr'><strong><em>κοτύλη</em></strong></span> <span class='ocrx_word' id='word_1_116' title='bbox 939 1740 1227 1827; x_wconf 87' lang='grc' dir='ltr'><strong><em>παρέαγε</em></strong></span> <span class='ocrx_word' id='word_1_117' title='bbox 1272 1742 1382 1806; x_wconf 85' lang='grc' dir='ltr'><strong><em>καὶ</em></strong></span> <span class='ocrx_word' id='word_1_118' title='bbox 1437 1731 1572 1806; x_wconf 88' lang='grc' dir='ltr'><strong><em>οἷσι</em></strong></span> <span class='ocrx_word' id='word_1_119' title='bbox 1619 1741 1891 1826; x_wconf 89' lang='grc' dir='ltr'><strong><em>νευρίον</em></strong></span> <span class='ocrx_word' id='word_1_120' title='bbox 1939 1739 2339 1824; x_wconf 82' lang='grc' dir='ltr'><strong><em>ἀπεσπάσθη</em></strong></span> 
     </span>
     <span class='ocr_line' id='line_1_16' title="bbox 229 1839 2339 1932; baseline -0.001 -17"><span class='ocrx_word' id='word_1_121' title='bbox 229 1877 279 1916; x_wconf 84' lang='lat'><strong><em>15</em></strong></span> <span class='ocrx_word' id='word_1_122' title='bbox 308 1849 416 1913; x_wconf 86' lang='grc' dir='ltr'><strong><em>καὶ</em></strong></span> <span class='ocrx_word' id='word_1_123' title='bbox 464 1839 642 1912; x_wconf 85' lang='grc' dir='ltr'><strong><em>οἷσιν</em></strong></span> <span class='ocrx_word' id='word_1_124' title='bbox 688 1846 999 1932; x_wconf 78' lang='grc' dir='ltr'><strong><em>ἑπίφυσις</em></strong></span> <span class='ocrx_word' id='word_1_125' title='bbox 1045 1847 1287 1930; x_wconf 81' lang='grc' dir='ltr'><strong><em>ἀπέαγε</em></strong></span> <span class='ocrx_word' id='word_1_126' title='bbox 1343 1849 1452 1912; x_wconf 87' lang='grc' dir='ltr'><strong><em>καὶ</em></strong></span> <span class='ocrx_word' id='word_1_127' title='bbox 1510 1839 1644 1913; x_wconf 83' lang='grc' dir='ltr'><strong><em>οἷσι</em></strong></span> <span class='ocrx_word' id='word_1_128' title='bbox 1699 1846 1809 1912; x_wconf 87' lang='grc' dir='ltr'><strong><em>καὶ</em></strong></span> <span class='ocrx_word' id='word_1_129' title='bbox 1866 1847 1954 1925; x_wconf 81' lang='grc' dir='ltr'><strong><em>ὡς</em></strong></span> <span class='ocrx_word' id='word_1_130' title='bbox 2007 1846 2117 1912; x_wconf 89' lang='grc' dir='ltr'><strong><em>καὶ</em></strong></span> <span class='ocrx_word' id='word_1_131' title='bbox 2174 1848 2250 1913; x_wconf 76' lang='grc' dir='ltr'><strong><em>ἓν</em></strong></span> <span class='ocrx_word' id='word_1_132' title='bbox 2295 1848 2339 1932; x_wconf 81' lang='grc' dir='ltr'>ἢ</span> 
     </span>
     <span class='ocr_line' id='line_1_17' title="bbox 310 1950 2338 2040; baseline 0 -20"><span class='ocrx_word' id='word_1_133' title='bbox 310 1956 466 2040; x_wconf 85' lang='grc' dir='ltr'><strong><em>δύο,</em></strong></span> <span class='ocrx_word' id='word_1_134' title='bbox 529 1950 624 2020; x_wconf 81' lang='grc' dir='ltr'><strong><em>ὧν</em></strong></span> <span class='ocrx_word' id='word_1_135' title='bbox 681 1956 804 2020; x_wconf 85' lang='grc' dir='ltr'><strong><em>δύο</em></strong></span> <span class='ocrx_word' id='word_1_136' title='bbox 847 1954 1073 2021; x_wconf 76' lang='grc' dir='ltr'><strong><em>’ἐστίν’</em></strong></span> <span class='ocrx_word' id='word_1_137' title='bbox 1134 1953 1242 2020; x_wconf 76' lang='grc' dir='ltr'><strong><em>ἐπὶ</em></strong></span> <span class='ocrx_word' id='word_1_138' title='bbox 1298 1956 1594 2020; x_wconf 86' lang='grc' dir='ltr'><strong><em>τούτοισι</em></strong></span> <span class='ocrx_word' id='word_1_139' title='bbox 1648 1956 1987 2039; x_wconf 78' lang='grc' dir='ltr'><strong><em>κίνδυνοι,</em></strong></span> <span class='ocrx_word' id='word_1_140' title='bbox 2047 1954 2338 2032; x_wconf 80' lang='grc' dir='ltr'><strong><em>ἐλπίδες·</em></strong></span> 
     </span>
     <span class='ocr_line' id='line_1_18' title="bbox 309 2054 2337 2148; baseline 0 -21"><span class='ocrx_word' id='word_1_141' title='bbox 309 2054 445 2127; x_wconf 86' lang='grc' dir='ltr'><strong><em>οἶσι</em></strong></span> <span class='ocrx_word' id='word_1_142' title='bbox 488 2065 712 2145; x_wconf 91' lang='grc' dir='ltr'><strong><em>κακαί,</em></strong></span> <span class='ocrx_word' id='word_1_143' title='bbox 758 2062 869 2126; x_wconf 81' lang='grc' dir='ltr'><strong><em>καὶ</em></strong></span> <span class='ocrx_word' id='word_1_144' title='bbox 916 2062 1021 2126; x_wconf 80' lang='grc' dir='ltr'><strong><em>ὅτε</em></strong></span> <span class='ocrx_word' id='word_1_145' title='bbox 1057 2062 1377 2139; x_wconf 83' lang='grc' dir='ltr'><strong><em>κακώσιες</em></strong></span> <span class='ocrx_word' id='word_1_146' title='bbox 1413 2062 1744 2145; x_wconf 89' lang='grc' dir='ltr'><strong><em>θανάτου,</em></strong></span> <span class='ocrx_word' id='word_1_147' title='bbox 1791 2062 2073 2147; x_wconf 86' lang='grc' dir='ltr'><strong><em>ὑγιείης,</em></strong></span> <span class='ocrx_word' id='word_1_148' title='bbox 2122 2062 2337 2148; x_wconf 81' lang='grc' dir='ltr'><strong><em>ἀσφα-</em></strong></span> 
     </span>
     <span class='ocr_line' id='line_1_19' title="bbox 308 2166 2336 2255; baseline 0.001 -22"><span class='ocrx_word' id='word_1_149' title='bbox 308 2172 503 2253; x_wconf 87' lang='grc' dir='ltr'><strong><em>λείης.</em></strong></span> <span class='ocrx_word' id='word_1_150' title='bbox 593 2169 703 2233; x_wconf 85' lang='grc' dir='ltr'><strong><em>καὶ</em></strong></span> <span class='ocrx_word' id='word_1_151' title='bbox 750 2167 791 2233; x_wconf 81' lang='grc' dir='ltr'><strong><em>ἃ</em></strong></span> <span class='ocrx_word' id='word_1_152' title='bbox 836 2166 1158 2252; x_wconf 78' lang='grc' dir='ltr'><strong><em>ἐμβλητέα</em></strong></span> <span class='ocrx_word' id='word_1_153' title='bbox 1201 2169 1242 2253; x_wconf 77' lang='grc' dir='ltr'>ἢ</span> <span class='ocrx_word' id='word_1_154' title='bbox 1288 2168 1644 2255; x_wconf 83' lang='grc' dir='ltr'><strong><em>χειριστέα,</em></strong></span> <span class='ocrx_word' id='word_1_155' title='bbox 1692 2169 1802 2233; x_wconf 85' lang='grc' dir='ltr'><strong><em>καὶ</em></strong></span> <span class='ocrx_word' id='word_1_156' title='bbox 1849 2169 1956 2234; x_wconf 83' lang='grc' dir='ltr'><strong><em>ὅτε</em></strong></span> <span class='ocrx_word' id='word_1_157' title='bbox 2003 2167 2115 2233; x_wconf 82' lang='grc' dir='ltr'><strong><em>καὶ</em></strong></span> <span class='ocrx_word' id='word_1_158' title='bbox 2164 2168 2206 2233; x_wconf 76' lang='grc' dir='ltr'><em>ἃ</em></span> <span class='ocrx_word' id='word_1_159' title='bbox 2252 2170 2336 2235; x_wconf 84' lang='grc' dir='ltr'><strong><em>οὐ</em></strong></span> 
     </span>
     <span class='ocr_line' id='line_1_20' title="bbox 307 2267 2336 2361; baseline 0 -20"><span class='ocrx_word' id='word_1_160' title='bbox 307 2277 348 2361; x_wconf 78' lang='grc' dir='ltr'>ἦ</span> <span class='ocrx_word' id='word_1_161' title='bbox 404 2276 514 2341; x_wconf 79' lang='grc' dir='ltr'><strong><em>ὅτε</em></strong></span> <span class='ocrx_word' id='word_1_162' title='bbox 569 2275 675 2341; x_wconf 80' lang='grc' dir='ltr'><strong><em>οὔ·</em></strong></span> <span class='ocrx_word' id='word_1_163' title='bbox 741 2273 848 2339; x_wconf 79' lang='grc' dir='ltr'><strong><em>ἐπὶ</em></strong></span> <span class='ocrx_word' id='word_1_164' title='bbox 904 2275 1244 2340; x_wconf 87' lang='grc' dir='ltr'><strong><em>τούτοισιν</em></strong></span> <span class='ocrx_word' id='word_1_165' title='bbox 1299 2273 1590 2359; x_wconf 77' lang='grc' dir='ltr'><strong><em>ἐλπίδες,</em></strong></span> <span class='ocrx_word' id='word_1_166' title='bbox 1655 2276 1992 2340; x_wconf 88' lang='grc' dir='ltr'><strong><em>κίνδυνοι·</em></strong></span> <span class='ocrx_word' id='word_1_167' title='bbox 2059 2267 2170 2342; x_wconf 87' lang='grc' dir='ltr'><strong><em>οἷα</em></strong></span> <span class='ocrx_word' id='word_1_168' title='bbox 2223 2273 2336 2341; x_wconf 83' lang='grc' dir='ltr'><strong><em>καὶ</em></strong></span> 
     </span>
     <span class='ocr_line' id='line_1_21' title="bbox 227 2379 2337 2468; baseline -0.001 -17"><span class='ocrx_word' id='word_1_169' title='bbox 227 2412 279 2451; x_wconf 79' lang='lat'><strong><em>20</em></strong></span> <span class='ocrx_word' id='word_1_170' title='bbox 308 2384 417 2449; x_wconf 80' lang='grc' dir='ltr'><strong><em>ὅτε</em></strong></span> <span class='ocrx_word' id='word_1_171' title='bbox 462 2381 816 2468; x_wconf 87' lang='grc' dir='ltr'><strong><em>χειριστέα,</em></strong></span> <span class='ocrx_word' id='word_1_172' title='bbox 871 2379 982 2446; x_wconf 90' lang='grc' dir='ltr'><strong><em>καὶ</em></strong></span> <span class='ocrx_word' id='word_1_173' title='bbox 1027 2383 1107 2446; x_wconf 80' lang='grc' dir='ltr'><strong><em>τὰ</em></strong></span> <span class='ocrx_word' id='word_1_174' title='bbox 1154 2380 1224 2446; x_wconf 84' lang='grc' dir='ltr'><strong><em>ἐκ</em></strong></span> <span class='ocrx_word' id='word_1_175' title='bbox 1269 2392 1500 2465; x_wconf 79' lang='grc' dir='ltr'><strong><em>γενεῆς</em></strong></span> <span class='ocrx_word' id='word_1_176' title='bbox 1553 2380 1873 2467; x_wconf 81' lang='grc' dir='ltr'><strong><em>ἔξαρθρα,</em></strong></span> <span class='ocrx_word' id='word_1_177' title='bbox 1929 2383 2009 2446; x_wconf 81' lang='grc' dir='ltr'><strong><em>τὰ</em></strong></span> <span class='ocrx_word' id='word_1_178' title='bbox 2054 2381 2337 2461; x_wconf 81' lang='grc' dir='ltr'><strong><em>αὐξανό-</em></strong></span> 
     </span>
     <span class='ocr_line' id='line_1_22' title="bbox 305 2487 2337 2575; baseline -0.001 -19"><span class='ocrx_word' id='word_1_179' title='bbox 305 2514 492 2575; x_wconf 88' lang='grc' dir='ltr'><strong><em>μενα,</em></strong></span> <span class='ocrx_word' id='word_1_180' title='bbox 538 2490 617 2554; x_wconf 86' lang='grc' dir='ltr'><strong><em>τὰ</em></strong></span> <span class='ocrx_word' id='word_1_181' title='bbox 652 2487 984 2573; x_wconf 80' lang='grc' dir='ltr'><strong><em>ηὐξημένα</em></strong></span> <span class='ocrx_word' id='word_1_182' title='bbox 1019 2490 1129 2554; x_wconf 84' lang='grc' dir='ltr'><strong><em>καὶ</em></strong></span> <span class='ocrx_word' id='word_1_183' title='bbox 1175 2488 1211 2553; x_wconf 80' lang='grc' dir='ltr'>ὅ</span> <span class='ocrx_word' id='word_1_184' title='bbox 1256 2511 1322 2553; x_wconf 90' lang='grc' dir='ltr'><strong><em>τι</em></strong></span> <span class='ocrx_word' id='word_1_185' title='bbox 1356 2496 1621 2554; x_wconf 81' lang='grc' dir='ltr'><strong><em>θᾶσσον</em></strong></span> <span class='ocrx_word' id='word_1_186' title='bbox 1665 2487 1776 2553; x_wconf 85' lang='grc' dir='ltr'><strong><em>καὶ</em></strong></span> <span class='ocrx_word' id='word_1_187' title='bbox 1823 2489 1858 2553; x_wconf 82' lang='grc' dir='ltr'>ὅ</span> <span class='ocrx_word' id='word_1_188' title='bbox 1903 2512 1966 2553; x_wconf 88' lang='grc' dir='ltr'><strong><em>τι</em></strong></span> <span class='ocrx_word' id='word_1_189' title='bbox 2013 2489 2337 2575; x_wconf 82' lang='grc' dir='ltr'><strong><em>βραδύτε-</em></strong></span> 
     </span>
     <span class='ocr_line' id='line_1_23' title="bbox 308 2592 2333 2683; baseline -0.003 -19"><span class='ocrx_word' id='word_1_190' title='bbox 308 2622 431 2683; x_wconf 89' lang='grc' dir='ltr'><strong><em>ρον</em></strong></span> <span class='ocrx_word' id='word_1_191' title='bbox 475 2595 586 2661; x_wconf 87' lang='grc' dir='ltr'><strong><em>καὶ</em></strong></span> <span class='ocrx_word' id='word_1_192' title='bbox 633 2596 669 2661; x_wconf 82' lang='grc' dir='ltr'>ὅ</span> <span class='ocrx_word' id='word_1_193' title='bbox 714 2620 778 2660; x_wconf 91' lang='grc' dir='ltr'><strong><em>τι</em></strong></span> <span class='ocrx_word' id='word_1_194' title='bbox 825 2596 1042 2681; x_wconf 86' lang='grc' dir='ltr'><strong><em>χωλὸν</em></strong></span> <span class='ocrx_word' id='word_1_195' title='bbox 1086 2593 1196 2660; x_wconf 85' lang='grc' dir='ltr'><strong><em>καὶ</em></strong></span> <span class='ocrx_word' id='word_1_196' title='bbox 1243 2595 1333 2672; x_wconf 82' lang='grc' dir='ltr'><strong><em>ὡς</em></strong></span> <span class='ocrx_word' id='word_1_197' title='bbox 1378 2592 1488 2660; x_wconf 85' lang='grc' dir='ltr'><strong><em>καὶ</em></strong></span> <span class='ocrx_word' id='word_1_198' title='bbox 1535 2596 1644 2660; x_wconf 84' lang='grc' dir='ltr'><strong><em>οὔ·</em></strong></span> <span class='ocrx_word' id='word_1_199' title='bbox 1700 2593 1809 2660; x_wconf 87' lang='grc' dir='ltr'><strong><em>καὶ</em></strong></span> <span class='ocrx_word' id='word_1_200' title='bbox 1857 2595 2032 2659; x_wconf 90' lang='grc' dir='ltr'><strong><em>διότι</em></strong></span> <span class='ocrx_word' id='word_1_201' title='bbox 2077 2593 2189 2659; x_wconf 87' lang='grc' dir='ltr'><strong><em>καὶ</em></strong></span> <span class='ocrx_word' id='word_1_202' title='bbox 2229 2594 2333 2659; x_wconf 81' lang='grc' dir='ltr'><strong><em>ὅτι</em></strong></span> 
     </span>
     <span class='ocr_line' id='line_1_24' title="bbox 303 2692 2339 2789; baseline -0.002 -20"><span class='ocrx_word' id='word_1_203' title='bbox 303 2695 667 2788; x_wconf 65' lang='grc' dir='ltr'><strong><em>ιμινυθήσει</em></strong></span> <span class='ocrx_word' id='word_1_204' title='bbox 711 2702 821 2767; x_wconf 85' lang='grc' dir='ltr'><strong><em>καὶ</em></strong></span> <span class='ocrx_word' id='word_1_205' title='bbox 868 2695 911 2789; x_wconf 80' lang='grc' dir='ltr'><em>ᾗ</em></span> <span class='ocrx_word' id='word_1_206' title='bbox 963 2703 1074 2767; x_wconf 85' lang='grc' dir='ltr'><strong><em>καὶ</em></strong></span> <span class='ocrx_word' id='word_1_207' title='bbox 1129 2702 1218 2777; x_wconf 82' lang='grc' dir='ltr'><strong><em>ὡς</em></strong></span> <span class='ocrx_word' id='word_1_208' title='bbox 1263 2700 1374 2765; x_wconf 85' lang='grc' dir='ltr'><strong><em>καὶ</em></strong></span> <span class='ocrx_word' id='word_1_209' title='bbox 1421 2692 1600 2767; x_wconf 88' lang='grc' dir='ltr'><strong><em>οἷσιν</em></strong></span> <span class='ocrx_word' id='word_1_210' title='bbox 1649 2697 1890 2785; x_wconf 76' lang='grc' dir='ltr'><strong><em>ἧσσον,</em></strong></span> <span class='ocrx_word' id='word_1_211' title='bbox 1945 2699 2057 2766; x_wconf 88' lang='grc' dir='ltr'><strong><em>καὶ</em></strong></span> <span class='ocrx_word' id='word_1_212' title='bbox 2105 2701 2209 2766; x_wconf 81' lang='grc' dir='ltr'><strong><em>ὅτι</em></strong></span> <span class='ocrx_word' id='word_1_213' title='bbox 2255 2701 2339 2766; x_wconf 77' lang='grc' dir='ltr'><strong><em>τὰ</em></strong></span> 
     </span>
     <span class='ocr_line' id='line_1_25' title="bbox 449 2856 2336 2927; baseline -0.003 -11"><span class='ocrx_word' id='word_1_214' title='bbox 449 2868 478 2915; x_wconf 91' lang='grc'>1</span> <span class='ocrx_word' id='word_1_215' title='bbox 522 2861 757 2927; x_wconf 77' lang='grc' dir='ltr'><strong><em>ἐνεῖναι,</em></strong></span> <span class='ocrx_word' id='word_1_216' title='bbox 796 2879 846 2914; x_wconf 85' lang='grc' dir='ltr'><strong><em>ει</em></strong></span> <span class='ocrx_word' id='word_1_217' title='bbox 890 2858 950 2912; x_wconf 89' lang='lat' dir='ltr'><strong><em>in</em></strong></span> <span class='ocrx_word' id='word_1_218' title='bbox 977 2875 1104 2913; x_wconf 79' lang='lat' dir='ltr'>raso</span> <span class='ocrx_word' id='word_1_219' title='bbox 1131 2858 1257 2913; x_wconf 83' lang='lat' dir='ltr'>loco</span> <span class='ocrx_word' id='word_1_220' title='bbox 1296 2859 1356 2911; x_wconf 91' lang='lat' dir='ltr'>M</span> <span class='ocrx_word' id='word_1_221' title='bbox 1491 2865 1522 2912; x_wconf 83' lang='lat'><strong>2</strong></span> <span class='ocrx_word' id='word_1_222' title='bbox 1561 2859 1691 2927; x_wconf 80' lang='grc' dir='ltr'><strong><em>περὶ</em></strong></span> <span class='ocrx_word' id='word_1_223' title='bbox 1727 2858 1857 2913; x_wconf 84' lang='grc' dir='ltr'><strong><em>νεὸν</em></strong></span> <span class='ocrx_word' id='word_1_224' title='bbox 1894 2858 1979 2925; x_wconf 85' lang='grc' dir='ltr'><strong><em>Μ,</em></strong></span> <span class='ocrx_word' id='word_1_225' title='bbox 2036 2856 2336 2927; x_wconf 83' lang='grc' dir='ltr'><strong><em>περίναιον</em></strong></span> 
     </span>
     <span class='ocr_line' id='line_1_26' title="bbox 307 2929 2339 3000; baseline 0 -17"><span class='ocrx_word' id='word_1_226' title='bbox 307 2931 482 2984; x_wconf 87' lang='lat' dir='ltr'><strong><em>DHN</em></strong></span> <span class='ocrx_word' id='word_1_227' title='bbox 572 2930 942 2999; x_wconf 82' lang='grc' dir='ltr'><strong><em>καταρρέπειν</em></strong></span> <span class='ocrx_word' id='word_1_228' title='bbox 968 2930 1086 3000; x_wconf 85' lang='lat' dir='ltr'>legi</span> <span class='ocrx_word' id='word_1_229' title='bbox 1112 2930 1234 2983; x_wconf 75' lang='lat' dir='ltr'><strong>vult</strong></span> <span class='ocrx_word' id='word_1_230' title='bbox 1260 2930 1393 2985; x_wconf 72' lang='lat' dir='ltr'><strong>Litt.</strong></span> <span class='ocrx_word' id='word_1_231' title='bbox 1486 2930 1720 2985; x_wconf 82' lang='grc' dir='ltr'><strong><em>κωλύσει</em></strong></span> <span class='ocrx_word' id='word_1_232' title='bbox 1748 2929 1818 2984; x_wconf 75' lang='grc' dir='ltr'><strong><em>ἑὼ</em></strong></span> <span class='ocrx_word' id='word_1_233' title='bbox 1847 2949 1905 2984; x_wconf 86' lang='grc' dir='ltr'><strong><em>τε</em></strong></span> <span class='ocrx_word' id='word_1_234' title='bbox 1932 2929 2007 2997; x_wconf 85' lang='grc' dir='ltr'><strong><em>Μ,</em></strong></span> <span class='ocrx_word' id='word_1_235' title='bbox 2037 2929 2339 2984; x_wconf 78' lang='grc' dir='ltr'><strong><em>κωλύσειεν</em></strong></span> 
     </span>
    </p>

    <p class='ocr_par' dir='ltr' id='par_1_4' title="bbox 306 2998 2342 3285">
     <span class='ocr_line' id='line_1_27' title="bbox 307 2998 2223 3072; baseline -0.002 -15"><span class='ocrx_word' id='word_1_236' title='bbox 307 3001 339 3057; x_wconf 77' lang='grc' dir='ltr'>ὅ</span> <span class='ocrx_word' id='word_1_237' title='bbox 375 3022 432 3057; x_wconf 85' lang='grc' dir='ltr'><strong><em>τε</em></strong></span> <span class='ocrx_word' id='word_1_238' title='bbox 468 3002 644 3072; x_wconf 59' lang='lat' dir='ltr'><strong>vulg„</strong></span> <span class='ocrx_word' id='word_1_239' title='bbox 684 3001 790 3056; x_wconf 79' lang='grc' dir='ltr'><strong><em>ἐών</em></strong></span> <span class='ocrx_word' id='word_1_240' title='bbox 826 3021 885 3057; x_wconf 85' lang='grc' dir='ltr'><strong><em>τε</em></strong></span> <span class='ocrx_word' id='word_1_241' title='bbox 921 3001 1054 3055; x_wconf 76' lang='lat' dir='ltr'><strong>Litt.</strong></span> <span class='ocrx_word' id='word_1_242' title='bbox 1184 3008 1215 3055; x_wconf 85' lang='lat'><strong>3</strong></span> <span class='ocrx_word' id='word_1_243' title='bbox 1256 2998 1289 3071; x_wconf 81' lang='grc' dir='ltr'>ἢ</span> <span class='ocrx_word' id='word_1_244' title='bbox 1330 3004 1389 3055; x_wconf 71' lang='lat' dir='ltr'><strong><em>et</em></strong></span> <span class='ocrx_word' id='word_1_245' title='bbox 1422 3001 1579 3071; x_wconf 78' lang='lat' dir='ltr'><strong>prius</strong></span> <span class='ocrx_word' id='word_1_246' title='bbox 1616 3002 1679 3056; x_wconf 83' lang='grc' dir='ltr'><strong><em>τὸ</em></strong></span> <span class='ocrx_word' id='word_1_247' title='bbox 1716 3001 1893 3070; x_wconf 80' lang='grc' dir='ltr'><strong><em>ἄκρον</em></strong></span> <span class='ocrx_word' id='word_1_248' title='bbox 1932 3000 2040 3055; x_wconf 81' lang='lat' dir='ltr'><strong>del.</strong></span> <span class='ocrx_word' id='word_1_249' title='bbox 2089 3001 2223 3054; x_wconf 71' lang='lat' dir='ltr'><strong>Litt.</strong></span> 
     </span>
     <span class='ocr_line' id='line_1_28' title="bbox 307 3072 2342 3213; baseline -0.001 -14"><span class='ocrx_word' id='word_1_250' title='bbox 307 3075 730 3199; x_wconf 49' lang='grc' dir='ltr'><strong><em>Ῠθξοὲἓθαωὲ</em></strong></span> <span class='ocrx_word' id='word_1_251' title='bbox 748 3072 1803 3213; x_wconf 47' lang='grc' dir='ltr'><strong><em>ἶῖἶιέξιᾝῗἛιοῗὲἲθέθέωθῗῖώῗ.</em></strong></span> <span class='ocrx_word' id='word_1_252' title='bbox 1832 3078 1930 3197; x_wconf 75' lang='lat' dir='ltr'><strong><em>M⁷</em></strong></span> <span class='ocrx_word' id='word_1_253' title='bbox 1969 3072 2342 3207; x_wconf 48' lang='lat'><strong><em>&amp;522222354</em></strong></span> 
     </span>
     <span class='ocr_line' id='line_1_29' title="bbox 306 3214 2338 3285; baseline -0.001 -16"><span class='ocrx_word' id='word_1_254' title='bbox 306 3219 436 3281; x_wconf 63' lang='lat' dir='ltr'><strong><em>urz„</em></strong></span> <span class='ocrx_word' id='word_1_255' title='bbox 465 3215 838 3269; x_wconf 74' lang='lat' dir='ltr'>nominativos</span> <span class='ocrx_word' id='word_1_256' title='bbox 867 3214 1098 3283; x_wconf 74' lang='lat' dir='ltr'>solutos,</span> <span class='ocrx_word' id='word_1_257' title='bbox 1126 3215 1248 3269; x_wconf 73' lang='lat' dir='ltr'>vult</span> <span class='ocrx_word' id='word_1_258' title='bbox 1273 3216 1403 3269; x_wconf 88' lang='lat' dir='ltr'><strong><em>Wb.</em></strong></span> <span class='ocrx_word' id='word_1_259' title='bbox 1513 3214 1755 3270; x_wconf 81' lang='grc' dir='ltr'><strong><em>τουτέων</em></strong></span> <span class='ocrx_word' id='word_1_260' title='bbox 1785 3215 1945 3270; x_wconf 82' lang='lat' dir='ltr'><strong>codd.</strong></span> <span class='ocrx_word' id='word_1_261' title='bbox 2059 3221 2123 3268; x_wconf 89' lang='lat'><strong><em>11</em></strong></span> <span class='ocrx_word' id='word_1_262' title='bbox 2166 3216 2229 3270; x_wconf 78' lang='grc' dir='ltr'><strong><em>ἐν</em></strong></span> <span class='ocrx_word' id='word_1_263' title='bbox 2264 3222 2338 3285; x_wconf 78' lang='grc' dir='ltr'><strong><em>τῇ</em></strong></span> 
     </span>
    </p>

    <p class='ocr_par' dir='ltr' id='par_1_5' title="bbox 308 3284 2340 3499">
     <span class='ocr_line' id='line_1_30' title="bbox 308 3284 2229 3427; baseline 0.002 -19"><span class='ocrx_word' id='word_1_264' title='bbox 308 3284 655 3409; x_wconf 54' lang='lat' dir='ltr'><strong><em>zzvfflffi</em></strong></span> <span class='ocrx_word' id='word_1_265' title='bbox 684 3285 810 3410; x_wconf 53' lang='grc' dir='ltr'>Ἣ</span> <span class='ocrx_word' id='word_1_266' title='bbox 829 3286 964 3410; x_wconf 51' lang='grc' dir='ltr'><strong><em>Ὦ]-</em></strong></span> <span class='ocrx_word' id='word_1_267' title='bbox 1096 3289 1324 3411; x_wconf 60' lang='lat'><strong><em>1202222</em></strong></span> <span class='ocrx_word' id='word_1_268' title='bbox 1374 3284 2229 3427; x_wconf 49' lang='lat' dir='ltr'><strong><em>“22‘22‘2225121220222ff</em></strong></span> 
     </span>
     <span class='ocr_line' id='line_1_31' title="bbox 311 3375 2340 3499; baseline 0.002 -22"><span class='ocrx_word' id='word_1_269' title='bbox 311 3431 377 3478; x_wconf 82' lang='lat'><strong><em>15</em></strong></span> <span class='ocrx_word' id='word_1_270' title='bbox 406 3397 742 3494; x_wconf 60' lang='grc' dir='ltr'><strong><em>ἀπέαγεν’Μ</em></strong></span> <span class='ocrx_word' id='word_1_271' title='bbox 812 3399 903 3482; x_wconf 71' lang='grc' dir='ltr'><strong><em>1ἐν</em></strong></span> <span class='ocrx_word' id='word_1_272' title='bbox 930 3375 1032 3496; x_wconf 40' lang='lat' dir='ltr'><strong>pi.)</strong></span> <span class='ocrx_word' id='word_1_273' title='bbox 1062 3426 1124 3481; x_wconf 79' lang='grc' dir='ltr'><strong><em>ἓν</em></strong></span> <span class='ocrx_word' id='word_1_274' title='bbox 1152 3378 1316 3498; x_wconf 44' lang='lat' dir='ltr'><strong><em>vulg}²</em></strong></span> <span class='ocrx_word' id='word_1_275' title='bbox 1343 3376 1772 3485; x_wconf 54' lang='grc' dir='ltr'><strong><em>σι1ἒοῑουτέοιέι</em></strong></span> <span class='ocrx_word' id='word_1_276' title='bbox 1802 3378 1963 3483; x_wconf 60' lang='grc' dir='ltr'><strong><em>οιέᾶᾶ.</em></strong></span> <span class='ocrx_word' id='word_1_277' title='bbox 1993 3379 2042 3412; x_wconf 41' lang='grc' dir='ltr'><strong><em>κ·</em></strong></span> <span class='ocrx_word' id='word_1_278' title='bbox 2076 3433 2144 3482; x_wconf 77' lang='lat'><strong><em>17</em></strong></span> <span class='ocrx_word' id='word_1_279' title='bbox 2172 3399 2340 3499; x_wconf 54' lang='lat' dir='ltr'><strong><em>:hylus</em></strong></span> 
     </span>
    </p>
   </div>
   <div class='ocr_carea' id='block_1_3' title="bbox 308 3495 2337 3636">
    <p class='ocr_par' dir='ltr' id='par_1_6' title="bbox 308 3495 2337 3636">
     <span class='ocr_line' id='line_1_32' title="bbox 308 3495 2337 3569; baseline 0.002 -21"><span class='ocrx_word' id='word_1_280' title='bbox 308 3496 367 3548; x_wconf 90' lang='lat' dir='ltr'>M</span> <span class='ocrx_word' id='word_1_281' title='bbox 511 3500 577 3548; x_wconf 88' lang='grc'><strong><em>19</em></strong></span> <span class='ocrx_word' id='word_1_282' title='bbox 614 3495 921 3552; x_wconf 84' lang='grc' dir='ltr'><strong><em>τουτέοισιν</em></strong></span> <span class='ocrx_word' id='word_1_283' title='bbox 960 3497 1119 3551; x_wconf 81' lang='lat' dir='ltr'><strong>codd.</strong></span> <span class='ocrx_word' id='word_1_284' title='bbox 1264 3501 1364 3554; x_wconf 80' lang='grc' dir='ltr'><strong><em>καὶ</em></strong></span> <span class='ocrx_word' id='word_1_285' title='bbox 1399 3502 1530 3569; x_wconf 73' lang='lat' dir='ltr'>post</span> <span class='ocrx_word' id='word_1_286' title='bbox 1567 3497 1660 3555; x_wconf 86' lang='grc' dir='ltr'><strong><em>οἶα</em></strong></span> <span class='ocrx_word' id='word_1_287' title='bbox 1698 3517 1805 3555; x_wconf 87' lang='lat' dir='ltr'><strong><em>om.</em></strong></span> <span class='ocrx_word' id='word_1_288' title='bbox 1844 3499 1905 3552; x_wconf 85' lang='lat' dir='ltr'>M</span> <span class='ocrx_word' id='word_1_289' title='bbox 2040 3505 2124 3553; x_wconf 86' lang='lat'><strong><em>20.</em></strong></span> <span class='ocrx_word' id='word_1_290' title='bbox 2157 3504 2224 3553; x_wconf 78' lang='lat'><strong><em>21</em></strong></span> <span class='ocrx_word' id='word_1_291' title='bbox 2263 3499 2337 3553; x_wconf 85' lang='grc' dir='ltr'><strong><em>τὰ</em></strong></span> 
     </span>
     <span class='ocr_line' id='line_1_33' title="bbox 312 3563 1366 3636; baseline 0.007 -19"><span class='ocrx_word' id='word_1_292' title='bbox 312 3563 737 3633; x_wconf 81' lang='grc' dir='ltr'><strong><em>αὐξανομένων,</em></strong></span> <span class='ocrx_word' id='word_1_293' title='bbox 773 3566 842 3619; x_wconf 82' lang='grc' dir='ltr'><strong><em>τὰ</em></strong></span> <span class='ocrx_word' id='word_1_294' title='bbox 877 3568 1200 3636; x_wconf 81' lang='grc' dir='ltr'><strong><em>ηὐξημένων</em></strong></span> <span class='ocrx_word' id='word_1_295' title='bbox 1238 3570 1366 3623; x_wconf 91' lang='lat' dir='ltr'><strong><em>Wb.</em></strong></span> 
     </span>
    </p>
   </div>
  </div>
 </body>
</html>
