2588 3876
732 179 907 228 ΠΕΡΙ
939 176 1230 229 ΑΡΘΡΩΝ
1265 176 1625 227 ΕΜΒΟΛΗΣ
1664 180 1732 228 14
2119 175 2245 238 137

223 338 656 424 προσέδησαν
716 339 881 424 πρὸς
942 339 1016 402 τὸ
1083 342 1259 423 ζῶμα
1323 335 1396 402 ἐκ
1467 346 1586 403 τοῦ
1659 339 2069 422 ἔμπροσθεν,
2141 340 2249 404 καὶ

226 445 444 523 οὕτως
489 443 828 510 ἑπιδέουσι
862 442 971 509 ἐπὶ
1007 445 1129 529 τὴν
1166 442 1300 522 ἰ’ξιν
1334 447 1448 527 τῆς
1483 445 1750 528 κληῖδος
1787 442 2253 522 ε’πιτανύοντες

221 549 290 628 ἐς
336 553 712 618 τοῦπισθεν
754 553 1061 634 ἄγοντες·
1108 552 1217 615 καὶ
1262 552 1485 615 ἔπειτα
1538 551 2048 635 περιβάλλοντες
2087 550 2252 637 ’περὶ

219 660 294 723 τὸ
354 663 538 744 ζῶμα
601 656 669 735 ἐς
729 658 1200 743 τοῦμπροσθεν
1263 658 1504 741 ἄγουσι
1558 656 1669 723 καὶ
1733 652 1921 735 αὖτις
1974 655 2040 735 ἐς
2102 660 2254 724 τοῦ-

216 771 446 830 πισθε.
540 766 606 830 οἱ
652 763 731 829 δέ
770 788 946 841 τινες
991 764 1072 829 οὐ
1119 761 1271 849 περὶ
1316 765 1391 829 τὸ
1439 767 1614 846 ζῶμα
1656 764 2132 850 περιβάλλουσι
2176 767 2251 831 τὸ
2307 789 2333 830 5

218 853 538 956 ὀθόνιον,
595 872 762 937 ἀλλά
812 870 964 958 περὶ
1018 871 1139 936 τὸν
1192 872 1504 955 περινεόν
1556 894 1627 936 τε
1680 872 1791 935 καὶ
1834 870 1986 959 παρ’
2042 873 2251 957 αὐτὴν

217 979 346 1061 τὴν
391 977 602 1065 ἕδρην
647 979 757 1043 καὶ
791 979 972 1063 παρὰ
1006 980 1131 1062 τὴν
1167 978 1477 1044 ἄκανθαν
1512 979 1946 1056 κυκλεύοντες
1980 979 2054 1044 τὸ
2092 979 2252 1046 ὀθό-

219 1109 378 1151 νιον
435 1084 610 1150 οὕτω
663 1084 961 1163 πιέζουσι
1023 1086 1098 1150 τὸ
1155 1085 1470 1170 κάτηγμα.
1567 1082 1751 1150 ταῦτ’
1814 1080 1941 1150 οὖν
2004 1084 2251 1175 ἀπείρῳ

216 1192 344 1274 μὲν
392 1191 675 1257 ἀκοῦσαι
720 1192 1028 1275 φαίνεται
1073 1189 1270 1275 ἐγγύς
1315 1217 1380 1257 τι
1425 1200 1545 1257 τοῦ
1592 1192 1756 1257 κατὰ
1801 1208 2014 1275 φυσιν
2059 1187 2251 1277 εἶναι,

222 1297 578 1386 χρεωμένῳ
608 1294 682 1362 δὲ
710 1299 1025 1383 ἄχρηστοι·
1073 1299 1228 1363 οὔτε
1263 1299 1391 1386 γὰρ
1427 1301 1672 1383 μόνιμα
1709 1297 1953 1363 οὐδένα
1988 1301 2251 1385 χρόνον,
2280 1324 2335 1363 ιο

223 1403 377 1470 οὐδ’
423 1406 483 1469 εἰ
510 1403 889 1469 κατακέοιτό
916 1397 1017 1480 τις
1042 1441 1131 1451 —-
1157 1407 1376 1470 καίτοι
1412 1403 1745 1488 ἐγγυτάτω
1783 1403 1869 1470 ἂν
1906 1405 2114 1483 οὕτως
2141 1443 2251 1490 -,

218 1509 368 1576 ἀλλ’
423 1510 600 1595 ὅμως
635 1513 694 1576 εῑ
729 1511 839 1575 καὶ
865 1513 1331 1593 κατακείμενος
1367 1512 1408 1596 ἢ
1433 1512 1508 1576 τὸ
1538 1511 1770 1588 σκέλος
1805 1512 2254 1597 συγκάμψειεν

220 1617 260 1702 ἢ
289 1618 496 1694 αὐτὸς
523 1620 884 1702 καμφθείη,
911 1617 1129 1682 πάντα
1154 1616 1240 1683 ἂν
1267 1618 1348 1682 τὰ
1381 1615 1778 1700 ἑπιδέσματα
1806 1611 2111 1702 κινέοιτο,
2139 1620 2252 1685 ἄλ-

220 1728 352 1801 λως
379 1747 453 1789 τε
480 1723 691 1810 ἀσηρὴ
720 1724 761 1808 ἡ
798 1722 1131 1799 ἐπίδεσις·’
1162 1724 1204 1807 ἤ
1243 1747 1313 1788 τε
1349 1725 1475 1810 γὰρ
1515 1722 1671 1809 ἕδρη
1701 1724 2252 1809 ἀπολαμβάνεται,

222 1830 447 1916 ἀθρόα
480 1854 550 1895 τε
587 1832 667 1895 τὰ
695 1830 938 1896 ὀθόνια
974 1828 1050 1895 ἐν
1075 1831 1278 1916 ταύτῃ
1307 1840 1385 1916 τῇ
1414 1833 1945 1920 στενυγροχωρίῃ
1981 1833 2251 1914 γίνεται.
2280 1853 2333 1895 15

221 1938 301 2003 τά
352 1961 425 2002 τε
477 1930 562 2002 αὗ
608 1934 760 2023 περὶ
809 1937 932 2022 τὴν
980 1938 1192 2022 ζώνην
1241 1941 1767 2024 περιβαλλόμενα
1817 1938 1939 2023 οὐχ
1989 1937 2199 2017 οὕτως
2240 1936 2247 2027 Ι

224 2045 514 2129 ἰσχυρῶς
551 2046 843 2128 ἔζωσται,
879 2045 968 2121 ὡς
1005 2045 1130 2109 οὐκ
1166 2045 1524 2129 ἀναγκάσει
1570 2043 1637 2122 ἐς
1672 2045 1747 2110 τὸ
1785 2046 1921 2111 ἄνω
1960 2029 2083 2131 τὴν
2120 2047 2234 2125 ζώ-
2255 2059 2360 2109 124

221 2175 350 2234 νην
399 2149 768 2237 ἐπανιέναι,
813 2152 925 2215 καὶ
970 2151 1182 2228 οὕτως
1227 2150 1480 2235 ἀνάγκη
1519 2150 1603 2217 ἂν
1640 2153 1739 2236 εἰη
1789 2153 2005 2219 πάντα
2044 2157 2252 2238 χαλᾶν

221 2260 302 2323 τὰ
330 2256 748 2340 ἐπιδέσματα.
808 2258 1083 2341 ἄγχιστα
1121 2255 1179 2322 δ’
1217 2258 1303 2322 ἄν
1339 2282 1438 2334 τις
1475 2258 1696 2324 δοκέοι
1731 2270 1980 2344 ποιεῖν,
2017 2262 2249 2345 καίπερ

223 2364 305 2429 οὐ
353 2362 522 2448 μέγα
564 2362 841 2448 ποιέων,
886 2365 945 2428 εἰ
980 2373 1154 2429 τοῖσι
1197 2362 1322 2446 μέν
1368 2382 1544 2429 τισιν
1588 2377 1723 2431 τῶν
1767 2365 2065 2432 ὀθονίων
2098 2365 2250 2453 περὶ
2279 2392 2334 2432 zo

223 2472 349 2554 τὴν
376 2472 589 2554 ζώνην
624 2470 1040 2556 περιβάλλοι,
1078 2480 1252 2535 τοῖσι
1291 2471 1367 2535 δὲ
1392 2473 1757 2537 πλείστοισι
1792 2484 1928 2537 τῶν
1955 2472 2253 2539 ὀθονίων

224 2579 347 2661 τὴν
394 2576 675 2661 ἀρχαίην
721 2574 1018 2642 ἑπίδεσιν
1071 2574 1355 2643 ἐπιδέοι·
1424 2578 1596 2643 οὕτω
1648 2579 1775 2664 γὰρ
1832 2577 1917 2642 ἂν
1971 2569 2253 2663 μάλιστα

223 2685 305 2749 τὰ
350 2682 751 2766 ἑπιδέσματα
794 2683 1040 2768 μόνιμά
1083 2707 1154 2748 τε
1210 2690 1309 2767 εἴη
1365 2682 1477 2749 καὶ
1532 2684 1871 2767 ἀλλήλοισι
1929 2685 2250 2777 τιμῳρέοι.

370 2810 401 2858 2
441 2802 759 2860 ἐπιδέουσιν
786 2804 839 2859 V
909 2802 1020 2870 ἴξιν
1048 2805 1101 2860 V
1208 2813 1238 2859 3
1278 2806 1361 2869 εἰς
1385 2806 1439 2861 V
1509 2806 1640 2860 κᾶπ.
1672 2805 1791 2860 MV
1862 2806 2253 2877 περιβαλόντες

122 2907 128 2915 ·
224 2878 380 2942 mut„
426 2879 494 2930 ut
528 2875 774 2942 videtur,
815 2892 882 2929 ex
918 2875 1238 2947 -βάλλοντες
1273 2877 1359 2946 Μ,
1395 2875 1817 2948 περιβαλλόντες
1852 2877 1904 2931 V
2024 2884 2057 2931 4
2096 2900 2253 2942 αυτις

226 2947 323 3014 ΒΙ,
374 2948 512 3001 mut.
553 2947 614 3000 in
651 2943 825 3010 αὖθις
859 2947 933 2999 B⁸
1001 2947 1312 3003 τοῦπισθεν
1357 2948 1478 3002 MV
1595 2954 1626 3002 5
1665 2950 1791 3019 οὐχὶ
1824 2966 1926 3017 pro
1957 2949 2023 3003 οὐ
2060 2949 2181 3004 MV

227 3015 488 3087 περίνεον
515 3017 708 3084 BMV‚
739 3038 929 3072 -ναιον
949 3018 1013 3071 ut
1033 3018 1215 3072 solent
1242 3036 1351 3074 rec.
1462 3025 1495 3073 8
1523 3029 1700 3074 ταῦτα
1728 3020 1847 3074 MV
1957 3026 2024 3074 10
2088 3042 2249 3092 ρεωμ.

229 3090 451 3160 scripsi,
487 3109 657 3161 χρωμ.
694 3089 767 3156 Β,
802 3108 986 3160 χρεομ.
1026 3089 1146 3144 MV
1290 3097 1356 3145 12
1395 3091 1492 3144 καὶ
1529 3109 1634 3145 om.
1674 3091 1794 3145 MV
1929 3096 1993 3145 15
2061 3097 2251 3162 ρυθρα

225 3214 326 3265 pro
374 3198 510 3264 ἀθρ.
545 3200 599 3250 Γ
724 3194 796 3249 τὰ
843 3212 948 3249 om.
1000 3199 1054 3249 Γ
1189 3163 1520 3267 στέἶὲχωρίη
1557 3197 1627 3263 Β,
1677 3215 1745 3251 ss,
1783 3198 1872 3264 B³‚
1919 3197 2252 3270 στενοχωρίῃ

228 3267 372 3336 MV,
420 3265 584 3336 στένη
616 3271 678 3333 Γ,
718 3265 991 3320 Galenum
1022 3282 1180 3322 στενυ
1219 3265 1459 3339 ροχωρίη
1486 3268 1693 3338 legisse
1721 3270 1958 3339 apparet
1993 3286 2024 3323 e
2053 3286 2248 3324 comm.

226 3358 277 3409 p.
320 3345 423 3393 411
505 3399 508 3402 ,
593 3343 658 3392 16
705 3336 776 3392 τά
809 3357 868 3392 τε
907 3379 918 3390 .
951 3379 961 3390 .
993 3378 1006 3391 .
1043 3289 1310 3408 χωρηζειε
1347 3343 1419 3409 (p.
1453 3344 1571 3407 138,
1593 3343 1645 3409 ’1)
1693 3358 1797 3395 om.
1838 3344 1892 3394 Γ
2036 3337 2158 3409 οὐχ’
2201 3337 2253 3390 V

338 3417 403 3465 17
447 3407 769 3479 ἀναγκάσαι
795 3408 915 3462 MV
1050 3413 1116 3461 19
1155 3409 1405 3480 ἄγχιστα,
1442 3411 1479 3463 i.
1508 3429 1580 3465 m.
1612 3411 1832 3481 ἔγγιστα
1858 3411 1933 3464 Β*
2038 3408 2250 3463 ποιέειν

230 3483 391 3537 codd.
542 3486 612 3534 20
661 3478 870 3550 μεγάλα
916 3478 1038 3533 MV
1108 3497 1218 3534 τισι
1263 3480 1348 3547 M,
1402 3499 1547 3535 τοισι
1583 3482 1634 3536 V
1705 3483 1834 3548 περὶ
1870 3480 1976 3533 del.
2014 3478 2142 3531 Wb.

228 3560 294 3608 21
335 3562 457 3614 τοῖς
493 3552 540 3605 Β
685 3556 752 3604 22
792 3548 1067 3605 ἐπιδέοιτο
1105 3551 1151 3603 Β
1270 3557 1337 3604 23
1378 3551 1453 3605 ad
1487 3550 1744 3620 τιμωρέοι
1771 3552 1807 3603 i.
1837 3568 1910 3603 m.
1940 3551 2141 3618 βοηθει
2176 3546 2251 3598 B²
