2588 3876
352 161 482 224 236
817 164 991 213 ΠΕΡΙ
1025 162 1318 214 ΑΡΘΡΩΝ
1353 163 1713 214 ΕΜΒΟΛΗΣ
1754 165 1833 213 Ν.
1867 166 1932 213 78

352 325 529 388 πάνυ
549 321 679 407 ἔχει
703 323 745 386 δ
748 324 1261 406 ιαναγκάζεσθαι
1290 323 1526 399 οὕτως·
1566 323 1601 386 ὅ
1621 347 1689 386 τε
1711 323 1834 407 γὰρ
1856 320 2056 397 ἀσκὸς
2075 320 2393 406 ἐμφυσώ-

350 452 551 511 μενος
579 428 660 493 οὐ
688 430 769 493 τὰ
805 428 1216 513 ὀγκηρότατα
1253 428 1460 493 αὐτοῦ
1500 426 1632 513 ἔχει
1669 429 1835 513 πρὸς
1870 436 1961 516 τῷ
1993 430 2230 515 ἄρθρῳ
2270 437 2396 511 τῆς

351 540 670 618 κεφαλῆς,
724 534 810 617 ἣν
866 535 969 599 δεῖ
1013 534 1298 618 μάλιστα
1352 533 1952 618 ἐκμοχλεύσασθαι,
2008 534 2175 599 ἀλλὰ
2221 535 2396 598 κατὰ
2454 595 2460 599 .

355 640 608 706 ἑωυτὸν
635 641 835 717 αὐτὸς
853 640 1049 722 μέσος
1076 639 1186 705 καὶ
1215 651 1352 705 τῶν
1377 652 1608 725 μηρῶν
1639 646 1796 717 ἴσως
1824 641 1864 724 ἢ
1894 642 2057 705 κατὰ
2073 642 2147 704 τὸ
2175 639 2395 724 μέσον

299 774 323 811 5
354 749 394 831 ἢ
441 745 538 812 ἔτι
583 748 981 831 κατώτερον·
1044 748 1116 811 οῖ’
1155 745 1209 810 τ’
1258 742 1343 811 αὖ
1389 745 1588 831 μηροὶ
1635 749 1838 830 φύσει
1885 745 2125 829 γαυσοὶ
2171 748 2397 830 πεφύ-

354 870 577 918 κασιν·
649 854 921 918 ἄνωθεν
979 854 1104 937 γὰρ
1164 852 1533 937 σαρκώδεές
1587 876 1658 917 τε
1721 851 1832 918 καὶ
1898 854 2260 937 σύμμηροι,
2321 851 2396 928 ἐς

353 956 427 1024 δὲ
474 961 547 1024 τὸ
593 945 768 1024 κάτώ
798 960 1169 1044 ,ὑπόξυροῃ
1226 960 1395 1024 ὥστε
1448 958 1558 1024 καὶ
1614 961 1655 1042 ἡ
1710 970 1846 1024 τῶν
1900 970 2130 1043 μηρῶν
2175 960 2409 1042 φύσις·

354 1066 795 1148 ἀπαναγκάζει
832 1067 951 1130 τὸν
988 1065 1200 1130 ἀσκὸν
1237 1065 1367 1131 ἀπὸ
1406 1074 1527 1130 τοῦ
1567 1064 2075 1149 ἐπικαιροτάτου
2114 1067 2395 1150 χωρίου.

357 1174 415 1236 εἰ
452 1181 621 1254 γοῦν
657 1196 758 1248 τις
796 1173 1078 1257 σμικρὸν
1107 1170 1382 1254 ἐνθήσει
1410 1173 1530 1236 τὸν
1558 1171 1786 1253 ἀσκόν,
1834 1173 2074 1257 σμικρὴ
2112 1172 2153 1255 ἡ
2193 1172 2395 1255 ἰσχὺς

273 1304 325 1342 10
354 1276 556 1344 ἐοῦσα
612 1278 941 1354 ἀδύνατος
998 1274 1183 1341 ἔσται
1242 1277 1634 1361 ἀναγκάζειν
1693 1279 1767 1342 τὸ
1829 1280 2110 1362 ἄρθρον.
2193 1279 2250 1342 εἰ
2312 1277 2403 1341 δὲ·

355 1386 458 1449 δεῖ
504 1384 683 1471 ἀσκῷ
723 1390 1043 1468 χρῆσθαι,
1100 1381 1207 1448 ἐπὶ
1254 1386 1428 1448 πολὺ
1477 1385 1542 1448 οἱ
1587 1383 1788 1468 μηροὶ
1836 1383 2181 1448 συνδετέοι
2216 1384 2401 1468 πρὸς

355 1490 712 1573 ἀλλήλους,
759 1488 869 1554 καὶ
918 1489 1050 1573 ἅμα
1094 1500 1173 1574 τῇ
1219 1490 1569 1555 κατατάσει
1605 1499 1727 1554 τοῦ
1769 1491 2068 1574 σώματος
2107 1489 2142 1555 ὁ
2180 1488 2397 1564 ἀσκὸς

356 1595 717 1680 φυσητέος·
777 1597 858 1660 τὰ
905 1592 978 1660 δὲ
1024 1594 1258 1660 σκέλεα
1304 1596 1649 1681 ἀμφότερα
1696 1596 1865 1680 ὁμοῦ
1911 1594 2022 1660 καὶ
2069 1596 2401 1659 καταδεῖν

357 1702 431 1766 ἐν
477 1703 690 1790 τούτῳ
747 1710 841 1789 τῷ
888 1705 1108 1790 τρόπῳ
1155 1712 1269 1785 τῆς
1316 1701 1598 1786 ἐμβολῆς
1645 1701 1750 1767 ἐπὶ
1796 1704 1921 1785 τὴν
1965 1703 2297 1783 τελευτήν.
2342 1702 2350 1783 Ι

248 1824 350 1871 312
493 1809 593 1872 78.
654 1811 799 1894 Χρὴ
846 1809 921 1874 δὲ
965 1808 1117 1893 περὶ
1165 1811 1481 1874 πλείστου
1527 1805 1650 1892 μὲν
1694 1815 2037 1874 ποιεῖσθαι
2084 1807 2160 1873 ἐν
2204 1808 2396 1893 πάσῃ

274 1932 326 1980 16
354 1924 431 2001 τῇ
496 1915 724 2001 τέχνῃ,
791 1916 969 1992 ὅπως
1030 1914 1189 1999 ὑγιᾶ
1248 1918 1548 2001 ποιήσεις
1599 1917 1718 1981 τὸν
1773 1923 2123 1982 νοσεῦντα·
2194 1916 2254 1979 εἰ
2313 1915 2414 1979 δὲ

353 2026 662 2087 πολλοῖσι
707 2024 1015 2106 τρόποισι
1063 2013 1213 2087 οἷόν
1256 2045 1327 2086 τε
1375 2028 1474 2106 εἴη
1512 2021 1670 2104 ὑγιᾶ
1706 2032 1946 2105 ποιεῖν,
1993 2023 2113 2086 τὸν
2149 2020 2397 2105 &0226-

352 2151 554 2192 τατον
590 2129 712 2211 χρὴ
752 2129 1118 2212 αἱρεῖσθαι·
1164 2126 1275 2192 καὶ
1314 2130 1439 2213 γὰρ
1471 2128 2146 2216 ἀνδραγαθικώτερον
2182 2137 2397 2192 τοῦτο

499 2360 526 2406 1
581 2355 796 2423 φυσώμ.
843 2355 888 2407 Β
1035 2361 1065 2406 2
1116 2355 1181 2409 τὸ
1228 2354 1452 2422 ἄρθρον
1488 2355 1533 2407 Β
1681 2361 1711 2407 3
1770 2353 1841 2423 ἢν
1879 2355 1930 2408 V
2038 2354 2102 2409 δὲ
2147 2371 2251 2423 pro
2303 2359 2406 2409 δεῖ

353 2427 398 2477 Β
567 2432 600 2477 4
636 2425 700 2479 τὸ
740 2427 871 2478 ant-e
916 2424 1085 2494 μέσον
1133 2442 1239 2479 om.
1279 2425 1325 2477 B
1499 2430 1530 2478 5
1582 2424 1871 2492 κατωτέρω
1918 2425 1979 2478 Μ
2150 2431 2182 2478 6
2221 2425 2394 2494 ξύμμ.

355 2496 514 2550 codd.
647 2501 675 2547 7
714 2447 987 2565 ὑπόξυροι
1014 2496 1216 2549 BErm.
1231 2495 1557 2565 ,ὑπόξηροι
1585 2498 1688 2549 cet.
1828 2502 1860 2549 8
1899 2497 2169 2564 ἐπαναγκ.
2203 2496 2396 2563 codd„

353 2569 449 2620 ἀπ.
489 2567 622 2620 Litt.
787 2572 818 2619 9
858 2575 996 2636 γοῦν
1044 2538 1267 2635 scripsi,
1323 2587 1399 2621 τε
1419 2564 1522 2621 οὖν
1560 2568 1862 2634 οο(1(1.,τε
1902 2566 2008 2621 del.
2047 2565 2199 2619 Erm.
2335 2588 2394 2620 τι

355 2655 497 2706 σμικ.
537 2637 899 2707 BMVvulg.,
947 2658 1032 2699 τις
1068 2658 1177 2707 μικ.
1218 2638 1357 2705 ΕΚ,
1403 2658 1488 2701 τις
1525 2656 1609 2706 σμ.
1649 2638 1867 2692 Linden
1985 2637 2153 2706 μικρὴ
2204 2638 2394 2704 codd„

354 2726 439 2777 σμ.
475 2708 625 2762 Erm.
667 2724 735 2761 ex
772 2709 1046 2762 Vossiano
1193 2715 1258 2762 1)
1299 2709 1545 2764 δυνατὸν
1573 2708 1640 2776 V,
1679 2730 1762 2779 γρ.
1803 2707 2049 2763 δυνατόν
2090 2708 2205 2762 ἐστι
2243 2708 2279 2762 i.
2312 2727 2390 2763 m.

352 2814 413 2867 M
522 2815 689 2883 ἑστι(ν
726 2814 793 2883 Β)
830 2814 946 2866 ΒΜ
1119 2821 1182 2867 11
1221 2812 1362 2884 χρέε.
1403 2815 1565 2868 codd.
1676 2815 1830 2878 ξυνδ
1870 2814 1944 2880 V,
2001 2800 2292 2880 gvvaeevss‘&
2331 2815 2395 2867 M

462 2890 527 2938 13
576 2886 674 2939 καὶ
724 2902 829 2938 om
879 2884 999 2938 MV
1146 2890 1213 2937 14
1269 2884 1361 2939 ἐπὶ
1396 2885 1499 2953 τὴν
1543 2889 1648 2939 τελ.
1698 2903 1804 2939 om.
1843 2886 1888 2938 B
2038 2890 2105 2938 15
2162 2885 2227 2941 δὲ
2277 2903 2394 2939 om.

353 2958 457 3023 Ap.
587 2955 689 3025 μὲν
728 2973 833 3009 om.
873 2957 977 3023 Ap.
1107 2958 1389 3024 ποιησθαι
1423 2957 1548 3044 ΑΡ.,
1586 2955 1759 3010 ποιέε.
1801 2957 1904 3010 cet.
2054 2963 2120 3009 16
2167 2965 2235 3025 τῇ
2277 2974 2391 3010 om.

353 3027 456 3093 Ap.
545 3029 674 3095 post
708 3025 874 3098 τέχνῃ
914 3026 1042 3079 add.
1082 3030 1346 3097 χρεισθαι
1383 3024 1438 3081 δ’
1481 3029 1584 3094 Ap.
1676 3025 1756 3080 ὅκ.
1796 3026 1915 3080 MV
1999 3026 2153 3096 ὑγιὲς
2189 3026 2394 3095 BMV,

355 3115 470 3149 -ιεα
511 3102 580 3162 Γ,
619 3105 703 3165 -ιῆ
743 3099 847 3165 Ap.
958 3099 1089 3165 post
1124 3098 1209 3165 ὑγ.
1241 3097 1369 3150 add.
1410 3097 1511 3166 μὲν
1549 3097 1739 3165 codd„
1778 3114 1883 3151 om.
1927 3099 2105 3166 ΓΑΡ.
2218 3099 2392 3165 ποιή-

354 3184 387 3220 σ
388 3187 453 3235 ης
487 3168 663 3237 vulg.
721 3186 856 3222 -σειε
901 3168 1025 3236 Ap„
1072 3186 1213 3229 -σεις
1240 3167 1373 3221 Litt
1502 3167 1770 3222 νοσέοντα
1812 3170 1970 3236 ΓΑΡ.
2081 3169 2147 3223 τὸ
2186 3169 2392 3224 νοσέον

354 3188 474 3289 MV
622 3238 673 3291 εἰ
711 3237 814 3293 δὲ.
895 3239 1047 3306 εὕρ.
1089 3241 1161 3307 (Ρ.
1195 3244 1315 3303 237,
1337 3241 1391 3306 4)
1431 3256 1536 3292 om.
1573 3243 1622 3291 Γ
1755 3245 1817 3292 17
1868 3241 2106 3301 πολλοὺς
2139 3238 2395 3307 τρόπους

355 3308 459 3373 Ap.
550 3306 802 3395 τρόποις..
813 3282 885 3374 Β,
943 3326 1159 3363 -ποισιν
1198 3312 1249 3377 (ν
1287 3281 1393 3376 Μ’)
1430 3309 1551 3362 MV
1653 3309 1872 3363 οἴονται
1908 3312 2012 3379 ΑΡ.
2109 3310 2229 3379 εἴης
2269 3310 2315 3362 Β

356 3373 548 3442 ὑγιείας
584 3376 727 3440 MV,
766 3397 955 3445 νγειεα
992 3380 1095 3447 Ap.
1206 3378 1422 3433 ποιέειν
1461 3380 1620 3435 codd.
1771 3385 1959 3435 17.18
2000 3380 2063 3450 ὀχ
2066 3384 2187 3435 λωτ.
2228 3381 2278 3433 Β
2360 3416 2376 3424 -·

359 3449 425 3495 18
465 3443 630 3512 αἱρέε.
644 3398 834 3567 RAEVUJ
854 3448 1107 3513 ἔρεῖσθαι
1142 3450 1245 3517 Ap.
1340 3452 1921 3520 ἀνδραγαθικωτατον
1958 3451 2029 3518 Β,
2030 3402 2387 3519 χ-ἀνδραεθι

357 3533 608 3567 κωτατον
695 3533 733 3581 p
