2588 3876
331 126 412 190 16
584 129 758 179 ΠΕΡΙ
791 127 939 179 ΤΩΝ
975 128 1072 178 EN
1107 128 1443 178 ΚΕΦΑΑΗΙ
1476 126 1868 179 ΤΡῼΜΑΤΩΝ
1907 132 1988 180 12.
2022 132 2086 179 13

329 313 454 373 ρον
499 289 890 373 φράσασθαι
942 289 1065 372 τὴν
1119 287 1246 354 ἀπὸ
1301 298 1417 373 τῆς
1471 289 1753 372 φλάσιος
1812 288 2099 375 ῥωγμήν.
2192 306 2354 373 συγ-

327 394 684 461 κλέπτουσι
731 396 855 480 γὰρ
902 395 1025 478 τὴν
1068 395 1341 479 γνώμην
1393 392 1504 460 καὶ
1548 397 1671 479 τὴν
1725 397 1887 474 ὄψιν
1937 404 2060 460 τοῦ
2118 398 2353 481 ἰητροῦ

278 511 284 521 ’
329 500 524 567 αὐταὶ
561 503 629 566 αἱ
668 500 878 587 ῥαφαὶ
915 500 1346 587 ρ”ωγμοειδέες
1383 504 1783 587 φαινόμεναι
1818 501 1930 567 καὶ
1960 503 2356 588 τρηχύτεραι

329 606 559 673 ἐοῦσαι
602 618 726 673 τοῦ
773 610 980 673 ἄλλου
1025 607 1281 691 ὀστέου,
1330 609 1433 674 ὅτι
1476 610 1563 693 μὴ
1608 610 1893 696 ἰσχυρῶς
1930 609 2202 693 διεκόπη
2241 607 2355 676 καὶ

277 743 301 783 ⁵
331 714 742 800 διέχαλασεν·
803 715 1086 799 διακοπὴ
1131 715 1208 780 δὲ
1250 714 1362 780 καὶ
1407 713 1565 801 ἕδρη
1611 715 1871 781 τώυτόν
1916 714 2113 793 ἐστιν.
2185 716 2356 782 ἀλλὰ

328 824 481 908 χρή,
547 824 609 887 εἰ
659 823 824 886 κατὰ
875 823 992 898 τὰς
1044 821 1264 908 ῥαφὰς
1315 822 1391 886 τὸ
1444 832 1669 907 τρῶμα
1721 821 1982 905 γένοιτο
2029 820 2139 887 καὶ
2184 826 2358 908 πρός

330 950 406 1012 γε
431 929 505 993 τὸ
533 927 768 993 ὀστέον
802 926 913 993 καὶ
952 927 1017 1004 ἐς
1050 929 1126 993 τὸ
1164 927 1399 993 ὀστέον
1435 927 1755 1012 στηρίξειε
1788 930 1863 993 τὸ
1901 928 2112 1013 βέλος,
2148 947 2356 1016 προσ-

330 1034 567 1119 έχοντα
631 1036 752 1100 τὸν
817 1037 982 1100 νόον
1049 1034 1471 1119 ἀνευρίσκειν
1544 1035 1580 1099 ὅ
1635 1059 1700 1100 τι
1757 1034 1843 1100 ἂν
1905 1038 2214 1122 πεπόνθῃ
2277 1036 2354 1100 τὸ

331 1140 580 1206 ὀστέον.
672 1141 799 1206 ἀπὸ
865 1143 992 1227 γὰρ
1060 1148 1225 1207 ἴσων
1287 1164 1360 1206 τε
1421 1141 1670 1224 βελέων
1741 1143 1816 1207 τὸ
1888 1141 2173 1226 μέγεθος
2243 1140 2357 1207 καὶ

252 1274 306 1315 10·
333 1248 581 1329 ὁμοίων
626 1247 737 1312 καὶ
781 1249 1034 1312 πολλὸν
1069 1247 1194 1333 [τε]
1245 1246 1625 1314 ἐλασσόνων
1659 1247 1771 1313 καὶ
1808 1248 2050 1330 ὁμοίως
2083 1271 2155 1314 τε
2189 1271 2359 1335 τρω-

329 1352 479 1430 θεὶς
523 1353 635 1419 καὶ
679 1357 852 1419 πολὺ
898 1350 1109 1438 ἧσσον
1153 1358 1379 1444 πολλῷ
1416 1354 1610 1436 μέζον
1657 1353 1970 1439 ἐκτήσατο
2021 1356 2096 1419 τὸ
2152 1356 2361 1421 κακὸν

332 1459 407 1526 ἐν
450 1469 541 1549 τῷ
581 1460 784 1548 ὀστέῳ
830 1461 865 1527 ὁ
914 1459 983 1538 ἐς
1024 1462 1141 1537 τὰς
1187 1461 1404 1546 ῥαφὰς
1449 1459 1800 1543 δεξάμενος
1853 1462 1927 1526 τὸ
1982 1461 2175 1544 βέλος
2227 1460 2270 1545 ἢ
2319 1461 2357 1527 ὁ

329 1568 419 1650 μὴ
465 1566 535 1644 ἐς
575 1568 690 1643 τὰς
727 1568 942 1652 ῥαφὰς
979 1565 1348 1649 δεξάμενος.
1401 1565 1512 1632 καὶ
1548 1568 1805 1633 τούτων
1840 1569 1922 1632 τὰ
1957 1569 2171 1632 πολλὰ
2206 1569 2359 1653 πρί-

332 1679 529 1738 εσθαι
577 1674 695 1739 δεῖ.
777 1673 918 1739 ἀλλ’
965 1674 1045 1739 οὐ
1092 1675 1216 1761 χρὴ
1261 1674 1466 1750 αὐτὰς
1508 1675 1625 1750 τὰς
1663 1674 1881 1759 ῥαφὰς
1915 1676 2157 1761 πρίειν,
2204 1673 2349 1738 ἀλλ’

254 1808 307 1847 15
333 1779 851 1867 ἀποχωρήσαντα
897 1780 971 1845 ἐν
1014 1788 1105 1869 τῷ
1152 1781 1439 1864 πλησίον
1493 1779 1695 1868 ὀστέω
1751 1781 1874 1864 τὴν
1926 1783 2157 1867 πρίσιν
2209 1801 2362 1845 ποι-

241 1895 247 1923 ·’
333 1893 577 1971 εῖσθαι,
627 1885 714 1970 ἢν
757 1889 971 1973 πρίῃς.

470 1994 570 2058 13.
619 1992 791 2079 Περὶ
837 1993 913 2058 δὲ
959 1995 1173 2079 ἰῄσιος
1216 1995 1519 2080 τρωσίων
1554 2005 1688 2059 τῶν
1725 1992 1799 2059 ἐν
1836 2002 1916 2080 τῇ
1951 1998 2205 2079 κεφαλῇ
2242 1992 2360 2059 καὶ

334 2101 502 2175 ὅκως
545 2100 669 2185 χρὴ
716 2097 1075 2184 ἐξελέγχειν
1119 2100 1236 2176 τὰς
1280 2100 1503 2176 πάθας
1547 2101 1664 2177 τὰς
1700 2099 1774 2166 ἐν
1809 2108 1902 2189 τῷ
1930 2099 2134 2188 ὀστέῳ
2173 2124 2361 2183 γινο-

332 2204 532 2287 μένας
574 2206 691 2281 τὰς
733 2206 822 2289 μὴ
869 2206 1187 2290 φανεράς,
1246 2200 1382 2271 ὧδέ
1429 2231 1544 2288 μοι
1599 2207 1809 2272 δοκεῖ·
1872 2206 2060 2283 ἕλκος
2120 2206 2196 2271 ἑν
2251 2230 2362 2271 κε-

254 2340 306 2380 20
334 2316 512 2397 φαλῇ
560 2311 643 2375 οὐ
688 2313 813 2398 χρὴ
856 2310 1115 2395 τέγγειν
1162 2312 1422 2395 οὐδενί,
1484 2312 1644 2378 οὐδὲ
1673 2318 1894 2401 οἴνῳ,
1956 2314 2168 2389 ἄλλως
2221 2313 2363 2395 ἤκι-

229 2431 331 2480 230
366 2435 512 2482 στα·
559 2418 720 2483 οὐδὲ
764 2419 1248 2483 καταπλάσσειν
1293 2418 1454 2483 οὐδὲ
1497 2426 1675 2508 μοτῷ
1712 2420 1834 2503 τὴν
1874 2422 1883 2502 Ι
1927 2424 2106 2502 ἵησιν
2150 2429 2363 2484 ποιεῖ-

478 2652 505 2700 1
545 2646 727 2712 ξυνκλ.
764 2646 810 2699 Β
957 2652 1004 2706 2,
1026 2665 1193 2699 αυται
1228 2645 1304 2712 Β,
1358 2641 1525 2700 αὗται
1561 2646 1627 2714 Ὺ,
1683 2646 1852 2701 αὐταὶ
1886 2645 2033 2700 Erm.
2182 2650 2212 2698 3
2252 2642 2362 2716 ᾆω-

332 2714 579 2785 μοειδέες
613 2717 665 2771 V
861 2722 894 2771 5
932 2716 1221 2786 διεχάλασε
1258 2714 1312 2769 V
1507 2722 1538 2770 7
1574 2719 1673 2772 καὶ
1708 2719 1997 2773 ἐστοοστον
2033 2714 2106 2783 B,
2157 2718 2253 2770 καὶ
2305 2717 2367 2781 ἐς

332 2787 395 2842 τὸ
435 2786 544 2841 ὀστ.
584 2804 689 2841 om.
720 2785 773 2840 V
913 2794 945 2841 8
982 2810 1049 2860 χρ
1092 2788 1222 2843 στὸν
1257 2804 1360 2858 pro
1395 2788 1495 2843 τὸν
1530 2788 1576 2841 Β
1721 2786 1794 2843 ἂν
1829 2787 2095 2856 πεπονθὴ
2131 2787 2209 2853 Β,
2261 2786 2361 2842 πέ-

332 2862 518 2913 πονθε
554 2857 607 2912 Ὺ
758 2864 789 2911 9
824 2879 884 2914 τε
922 2875 1026 2914 om.
1053 2809 1109 2913 ⁷5³7
1270 2864 1338 2911 10
1373 2862 1591 2913 πολλων
1628 2859 1674 2912 Β
1781 2861 1912 2928 post
1946 2861 2098 2913 πολλ.
2130 2858 2259 2911 add.
2298 2878 2361 2913 τε

332 2928 510 3000 vulg„
557 2928 663 2983 del.
702 2930 835 2984 Litt.
949 2950 1011 2984 τε
1039 2932 1171 2984 ante
1205 2933 1379 2998 τρωθ.
1419 2946 1524 2984 om.
1562 2929 1614 2983 V
1759 2935 1822 2983 11
1857 2933 2042 2991 ,πολλω
2080 2929 2125 2981 Β
2244 2937 2365 2998 μεῖ-

333 3004 429 3064 ζον
466 2999 518 3053 V
662 3006 727 3053 12
766 3002 823 3064 ἐς
859 3018 928 3055 ss.
965 3000 1020 3054 V
1160 3000 1465 3070 δεξάμενον
1501 3001 1547 3053 Β
1694 3006 1775 3055 12.
1809 3006 1874 3054 13
1912 2998 1947 3069 ἢ
1986 3000 2015 3055 ὁ
2054 2999 2126 3069 μὴ
2166 3000 2223 3063 ἐς
2257 2999 2365 3064 τὰς

335 3067 525 3140 ἆαφὰς
561 3070 859 3141 δεξάμενος
892 3070 945 3126 V
978 3071 1147 3141 vulg,
1185 3088 1290 3126 om.
1330 3072 1376 3124 B
1417 3071 1667 3141 Scaliger
1767 3079 1770 3082 “
1821 3077 1885 3125 13
1921 3070 2164 3126 τουτέων
2200 3070 2246 3123 Β

338 3147 419 3194 13.
455 3147 520 3194 14
556 3147 854 3210 περιεσθαι
888 3162 982 3196 ται
1019 3146 1110 3198 δεῖ
1140 3142 1185 3194 Β
1334 3147 1399 3195 15
1437 3140 1785 3214 ἀποχωρίσαι
1820 3141 1891 3197 τὰ
1926 3159 2030 3212 pro
2058 3141 2360 3214 ἀποχωρή-

336 3230 512 3268 σαντα
550 3212 601 3265 Ὺ
740 3211 1037 3268 ποιέεσθαι
1074 3213 1233 3266 codd.
1383 3219 1448 3267 16
1485 3211 1682 3284 περίης
1716 3214 1762 3266 Β
1824 3229 1827 3231 ’
1909 3219 1973 3267 17
2011 3213 2276 3282 τρώσηων
2307 3213 2364 3267 V

410 3289 474 3337 18
513 3284 587 3346 ὡς
623 3281 676 3336 V
781 3284 1019 3354 ἐλεγχειν
1055 3283 1101 3336 Β
1209 3304 1323 3354 γεν.
1362 3284 1509 3338 Erm.
1545 3284 1644 3352 Pq.
1793 3290 1859 3338 19
1898 3282 2082 3340 δοκέει
2120 3284 2305 3341 codd..

337 3357 468 3409 ante
505 3375 629 3424 κεφ.
669 3355 796 3409 add.
834 3363 902 3426 τῇ
939 3353 992 3408 V
1134 3361 1202 3409 20
1238 3352 1442 3410 τείνειν
1478 3355 1530 3408 V
1634 3355 1780 3425 πλὴν
1816 3371 1918 3425 pro
1957 3353 2090 3411 οὐδὲ
2125 3351 2275 3409 th.

335 3426 619 3499 ἀλλΙωσηκ.
648 3426 712 3492 Β,
751 3426 925 3489 ἄλλως
959 3426 1048 3495 ἡκ.
1078 3423 1145 3494 Ὺ,
1185 3423 1305 3479 ἀλλ’
1339 3427 1413 3489 ὡς
1446 3423 1531 3494 ἤκ.
1565 3425 1621 3479 N
1764 3433 1828 3480 21
1869 3446 2016 3495 μοτω
2044 3424 2098 3479 V
2206 3425 2366 3481 ἴασιν

336 3497 388 3551 V
527 3495 844 3552 ποιέεσθαι.
864 3496 1022 3551 codd.
1676 3526 1681 3531 ·
1929 3539 1934 3544 .
2035 3531 2040 3537 .
