2588 3876
375 124 500 189 128
875 127 1049 177 ΠΕΡΙ
1081 124 1374 178 ΑΡΘΡΩΝ
1408 125 1768 178 ΕΜΒΟΛΗΣ
1807 128 1870 176 11

370 310 655 365 πτοντας
699 288 863 352 κατά
899 310 971 352 τε
1007 288 1129 371 τὴν
1166 285 1462 371 ἐπωμίδα
1499 286 1663 351 κατά
1697 309 1767 351 τε
1803 286 2310 370 τοῦμπροσθεν,
2358 278 2404 369 ᾗ

372 396 413 477 ἡ
458 395 711 478 κεφαλὴ
758 402 880 458 τοῦ
926 396 1281 479 βραχίονος
1335 391 1616 477 ἐξογκεῑ,
1681 393 1846 458 κατά
1903 416 1972 457 τε
2026 393 2408 457 τοῦπισθεν

373 501 605 584 ὀλίγον
649 510 764 583 τῆς
824 499 1168 585 ἐπωμίδος.
1257 495 1455 565 αὗται
1514 495 1642 565 οὖν
1701 502 1769 566 αἱ.
1815 499 2110 583 καύσιες,
2173 501 2232 563 εἰ
2279 495 2408 583 μὲν

374 607 442 684 ἐς
487 608 561 673 τὸ
609 608 745 672 ἄνω
812 603 1150 683 ἐξέπιπτεν
1197 606 1232 673 ὁ
1278 608 1578 691 βραχίων
1623 607 1662 692 ἢ
1708 605 1777 683 ἐς
1840 607 2315 693 τοῦμπροσθεν
2364 606 2407 689 ἢ

321 740 345 781 ι
376 713 441 789 ἐς
484 715 874 797 τοῦπισθεν,
920 714 1142 799 ὀρθῶς
1187 712 1273 777 ἂν
1319 715 1570 778 ἔκαιον·
1616 723 1748 779 νῦν
1794 709 1867 777 δὲ
1915 714 2018 797 δή,
2065 712 2176 778 ὅτε
2223 712 2293 789 ἐς
2328 714 2406 777 τὸ

373 822 546 885 κάτω
593 819 918 904 ἐκπίπτει,
975 818 1414 904 ἐκβάλλουσιν
1469 815 1663 885 αὗται
1718 820 1785 884 αὶ
1831 820 2102 896 καύσιες
2145 823 2408 900 μᾶλλον

374 928 415 1012 ἢ
469 928 876 992 κωλύουσιν·
939 925 1367 991 ἀποκλείουσι
1429 927 1555 1012 γὰρ
1615 935 1732 1009 τῆς
1791 927 1928 991 ἅνω
1989 926 2409 1011 εὐρυχωρίης

372 1036 496 1118 τὴν
521 1035 819 1117 κεφαλὴν
854 1042 977 1098 τοῦ
1020 1034 1396 1119 βραχίονος.
1467 1033 1592 1118 χρὴ
1629 1032 1704 1097 δὲ
1749 1026 1878 1097 ὧδε
1913 1035 2130 1097 καίειν
2168 1042 2405 1098 ταῦτα·

375 1139 929 1223 ἀπολαμβάνοντα
983 1149 1159 1204 τοῖσι
1220 1139 1606 1204 δακτύλοισι
1667 1139 1832 1203 κατὰ
1888 1139 2011 1221 τὴν
2055 1139 2407 1224 μασχάλην

295 1275 347 1314 ιο
374 1248 448 1311 τὸ
513 1244 722 1330 δέρμα
784 1245 1153 1329 ἀφελκύσαι
1216 1243 1359 1310 κατ’
1422 1245 1630 1328 αὐτὴν
1699 1246 1826 1328 τὴν
1899 1242 2031 1322 ἴξιν
2092 1246 2404 1328 μάλιστα,

374 1351 530 1417 καθ’
593 1354 679 1437 ἦν
740 1351 781 1434 ἡ
847 1353 1101 1436 κεφαλὴ
1164 1360 1284 1417 τοῦ
1359 1353 1714 1435 βραχίονος
1778 1349 2100 1416 ἐκπίπτει·
2176 1349 2407 1416 ἔπειτα

377 1458 587 1535 οὕτως
631 1456 1163 1543 ἀφειλκυσμένον
1207 1460 1282 1523 τὸ
1313 1456 1522 1543 δέρμα
1567 1459 1920 1524 διακαῦσαι
1957 1456 2023 1534 ἐς
2058 1458 2133 1523 τὸ
2173 1458 2405 1542 πέρην.

376 1566 739 1649 σιδηρίοισι
785 1565 861 1630 δὲ
905 1567 1029 1650 χρὴ
1075 1566 1157 1630 τὰ
1214 1573 1492 1629 τοιαῦτα
1548 1567 1765 1629 καίειν
1821 1567 1908 1649 μὴ
1955 1562 2188 1647 παχέσι
2236 1566 2407 1649 μηδὲ

375 1674 528 1754 λίην
591 1675 1021 1756 φαλακροῖσι,
1087 1669 1253 1736 ἀλλὰ
1314 1673 1680 1756 προμήκεσι
1742 1709 1832 1718 -
1887 1673 2407 1756 ταχυπορώτερα

298 1806 349 1847 15
377 1780 504 1861 γὰρ
551 1814 638 1825 —-
683 1776 794 1843 καὶ
839 1787 917 1863 τῇ
973 1775 1145 1862 χειρὶ
1195 1776 1578 1862 ἐπερείδειν.
1669 1778 1792 1862 χρὴ
1853 1778 1928 1842 δὲ
1984 1774 2096 1842 καὶ
2159 1778 2406 1861 διαφα-

376 1883 519 1951 νέσι
565 1888 807 1969 καίειν,
868 1885 956 1962 ὡς
1016 1884 1118 1951 ὅτι
1161 1883 1435 1970 τάχιστα
1480 1890 1822 1971 περαιωθῇ
1869 1885 2033 1950 κατὰ
2078 1884 2400 1969 δύναμιν·

376 1993 457 2056 τὰ
510 1993 636 2077 γὰρ
695 1990 903 2075 παχέα
960 1991 1255 2076 βραδέως
1316 1992 1764 2077 περαιούμενα
1819 1990 2231 2078 πλατυτέρας
2289 1993 2404 2068 τὰς

381 2097 739 2174 ἐκπτώσιας
773 2109 908 2163 τῶν
943 2096 1275 2183 ἐσχαρε’ων
1312 2107 1615 2182 ποιεῖται,
1661 2096 1772 2163 καὶ
1815 2100 2132 2175 κίνδυνος
2179 2097 2266 2163 ἂν
2303 2099 2402 2182 εἴη

380 2214 794 2290 συρραγῆναι
855 2206 971 2281 τὰς
1034 2205 1330 2281 ὠτειλάς·
1392 2204 1505 2270 καὶ
1567 2204 1802 2270 κάκιον
1863 2205 1987 2289 μὲν
2047 2203 2135 2269 ἂν
2197 2206 2405 2271 οὐδὲν

297 2339 350 2379 ιο
379 2316 509 2394 εἴη,
574 2311 835 2395 αἴσχιον
888 2312 963 2376 δὲ
1007 2310 1118 2377 καὶ
1165 2311 1646 2397 άτεχνότερον.,
1709 2311 1870 2376 ὅταν
1916 2307 1991 2376 δὲ
2037 2312 2403 2397 διακαύσῃς

378 2416 444 2493 ἐς
488 2418 562 2482 τὸ
608 2417 836 2503 πέρην,
880 2429 1016 2482 τῶν
1051 2419 1174 2501 μὲν
1219 2421 1547 2483 πλείστων
1595 2419 1836 2494 ἱκανῶς
1881 2416 1966 2483 ἂν
2011 2420 2150 2502 ἔχοι
2196 2417 2275 2483 ἐν
2309 2427 2401 2505 τῷ

376 2524 547 2588 κάτω
593 2524 775 2609 μέρει
820 2525 1060 2600 ταύτας
1105 2525 1358 2607 μούνας
1403 2525 1518 2601 τὰς
1562 2523 1840 2608 ἐσχάρας
1886 2530 2146 2589 θεῖναι·
2198 2522 2288 2608 ἢν
2327 2520 2404 2589 δὲ

522 2653 548 2699 1
587 2646 744 2714 prius
781 2665 839 2700 τε
878 2663 985 2699 om.
1023 2645 1113 2711 B¹‚
1152 2646 1281 2699 add.
1321 2645 1398 2698 B²
1475 2645 1539 2699 τὸ
1580 2645 1701 2714 ἔμπ.
1741 2644 1862 2698 MV
2004 2651 2035 2698 2
2084 2644 2121 2713 ἡ
2161 2662 2271 2699 om.
2312 2645 2403 2713 13²,

376 2718 505 2770 add.
533 2717 618 2770 13³
689 2716 928 2786 ἐξογκέει
965 2716 1124 2771 codd.
1199 2717 1262 2771 τὸ
1303 2716 1392 2770 ὄπ.
1422 2715 1542 2769 MV
1684 2722 1718 2770 4
1762 2736 1817 2770 τι
1852 2734 1955 2785 pro
1991 2715 2178 2785 priore
2216 2713 2254 2785 ἢ
2281 2716 2329 2769 Β

377 2794 408 2840 5
448 2788 627 2858 ἔχοιεν
663 2805 765 2857 pro
805 2789 997 2844 ἔκαιον
1033 2788 1181 2842 Erm.
1275 2793 1308 2840 6
1346 2788 1572 2849 καύσιες
1608 2804 1661 2841 σι
1698 2788 1759 2840 in
1795 2804 1921 2841 raso
1958 2786 1995 2840 1.
2026 2787 2086 2840 Μ
2185 2792 2217 2840 9
2258 2788 2405 2842 ἀπο-

375 2861 444 2911 λα
483 2857 618 2913 όντα
645 2858 766 2912 MV
875 2865 940 2912 10
978 2860 1290 2927 ἀφελκῢσαι
1317 2858 1369 2912 V
1440 2853 1506 2924 ἷξ.
1537 2858 1605 2927 V,
1644 2859 1750 2924 ιξις
1777 2859 1813 2912 i.
1833 2877 1906 2912 m.
1938 2858 1998 2911 M
2108 2864 2172 2911 11
2206 2856 2400 2914 ἔπειθ’

376 2929 435 2981 Μ
505 2970 519 2995 ,
587 2926 748 2984 ἔπιθ’
801 2933 854 2983 Γ
1028 2937 1093 2984 12
1150 2929 1637 2999 ἀφειλκυσάμενον
1692 2930 1764 2995 Β,
1820 2931 2279 3000 ἀφιλκυσαμενον
2339 2934 2405 2995 Γ,

376 2998 813 3068 ἀπειλκυσμένον
849 3001 970 3055 MV
1080 3008 1144 3055 13
1180 3010 1359 3055 ταῦτα
1395 3018 1497 3070 pro
1534 3000 1605 3054 τὰ
1640 3020 1685 3054 τ.
1726 3001 1777 3054 V
1850 3002 1982 3055 ante
2020 3001 2094 3070 μὴ
2132 3001 2263 3054 add.
2303 3002 2406 3055 καὶ

377 3070 496 3124 MV
567 3072 639 3139 μὴ
678 3072 739 3127 δὲ
777 3071 828 3125 V
973 3077 1040 3124 14
1079 3075 1449 3141 φαλακροῖσιν
1487 3074 1541 3141 (ν
1578 3072 1708 3126 add.
1747 3071 1852 3142 Μ’)
1900 3071 2021 3125 MV
2157 3077 2224 3125 15
2263 3093 2314 3127 κ.
2357 3093 2402 3127 τ.

376 3162 424 3211 χ.
465 3142 548 3196 ἐπ.
589 3159 694 3195 om.
735 3147 787 3196 Γ
891 3160 1058 3210 super
1103 3145 1261 3211 διαφ.
1311 3160 1380 3197 ss,
1420 3141 1735 3212 διαπείροις
1789 3144 1845 3213 (i.
1886 3160 1932 3197 e.
1983 3143 2285 3210 διαπύροις
2331 3144 2404 3198 of.

380 3212 500 3266 Gal.
549 3229 745 3266 comm⁴
793 3213 972 3266 XVIII
1011 3220 1067 3278 1,
1120 3217 1245 3283 377)
1282 3214 1358 3266 B⁸
1502 3219 1568 3268 16
1607 3214 1681 3276 ὡς
1728 3212 1811 3268 ὅτι
1842 3257 1852 3268 .
1888 3258 1899 3267 .
1933 3257 1942 3267 .
1974 3218 2168 3269 θεῖναι
2205 3231 2315 3268 om.
2360 3219 2413 3269 Γ

523 3287 589 3335 18
628 3299 794 3350 super
829 3283 979 3337 ἐκπτ.
1020 3301 1088 3337 ss,
1129 3283 1392 3350 ἑλκώσιας
1427 3286 1502 3339 13³
1573 3284 1850 3356 ἐσχαρέων
1887 3285 2005 3355 Pq.,
2046 3293 2151 3340 -ῶν
2189 3287 2298 3340 oet.

379 3350 629 3406 ποιέεται
666 3353 853 3418 codd.,
891 3351 1069 3409 ποιέει
1106 3354 1255 3408 Erm.
1403 3362 1469 3410 19
1509 3357 1734 3426 ξυρραγ.
1763 3356 1884 3410 MV
1956 3356 2125 3411 οὐδὲν
2165 3354 2239 3411 ἂν
2277 3357 2401 3411 MV

523 3427 592 3475 20
628 3422 883 3491 ἀτεχνώτ.
919 3424 966 3477 Β
1136 3432 1201 3478 21
1243 3426 1421 3495 ἔχοιεν
1457 3444 1559 3496 pro
1599 3428 1639 3483 ἔ.
1679 3428 1740 3485 ἐν
1776 3427 1952 3481 BMV
2120 3433 2189 3480 22
2224 3427 2407 3497 μόνας

382 3492 560 3559 codd„
597 3491 809 3561 μούνας
842 3492 939 3561 Pq.
1013 3490 1161 3549 εἶναι
1195 3496 1241 3548 Β
2170 3547 2176 3552 .
2241 3526 2244 3527 ’
