2588 3876
525 138 698 188 ΠΕΡΙ
733 136 878 187 ΤΩΝ
914 138 1011 187 EN
1048 138 1385 189 ΚΕΦΑΛΗῙ
1419 137 1808 188 ΤΡΩΜΑΤΩΝ
1847 142 1894 190 1.
1935 141 1966 188 2
2227 138 2268 201 3

247 300 455 384 κάρτα
518 298 750 381 ὀλίγου
814 306 936 361 τοῦ
999 321 1068 362 τε
1132 297 1471 362 ἄνωτάτου
1535 297 1644 363 καὶ
1709 308 1828 363 τοῦ
1893 299 2270 364 κατωτάτου

246 408 515 492 σπόγγῳ
572 404 835 488 ὅμοιον,
898 400 1009 468 καὶ
1069 401 1199 488 ἔχει
1253 405 1328 470 τὸ
1387 403 1619 469 ὀστέον
1674 403 1748 470 ἐν
1802 404 2024 493 ἑωυτῷ
2073 406 2271 490 ὅμοια

249 514 485 597 σαρκία
544 512 757 575 πολλοὶ
820 506 929 574 καὶ
993 510 1195 595 ὑγρά,
1259 509 1370 575 καὶ
1435 517 1501 575 εἴ
1556 535 1655 586 τις
1715 512 1881 576 αὐτὰ
1939 512 2270 597 διατρίβοι

246 628 418 683 τοῖσι
456 618 863 701 δακτύλοισι,
911 608 1070 701 αἷμα
1107 616 1191 682 ἂν
1227 618 1598 700 διαγίνοιτο
1636 615 1702 694 ἐξ
1746 618 1981 682 αὐτῶν.
2054 615 2268 684 ἔνεστι

246 723 311 789 δ’
355 724 431 789 ἐν
482 731 575 813 τῷ
626 723 828 811 ὀστέῳ
884 722 993 788 καὶ
1051 723 1292 808 φλέβια
1342 726 1695 809 λεπτότερα
1748 722 1856 788 καὶ
1904 727 2268 810 κοιλότερα,
2322 751 2347 790 5

246 831 519 915 αἵματος
563 830 743 895 πλέα.

376 938 437 1001 2.
521 940 987 1023 Σκληρότητος
1046 937 1173 1020 μὲν
1234 931 1361 1000 οὗν
1423 933 1533 1000 καὶ
1596 939 2094 1021 μαλθακότητος
2156 936 2266 1003 καὶ

240 1046 626 1127 κοιλότητος
671 1036 800 1108 ὧδε
846 1040 995 1128 ἔχει.
1072 1043 1391 1128 παχύτητι
1438 1043 1514 1107 δὲ
1558 1041 1669 1107 καὶ
1718 1046 2056 1127 λεπτότητι
2102 1062 2270 1128 συμ-

243 1150 454 1233 πάσης
521 1159 635 1233 τῆς
697 1155 987 1235 κεφαλῆς
1048 1150 1122 1214 τὸ
1188 1148 1423 1214 ὀστέον
1485 1152 1886 1215 λεπτότατόν
1946 1148 2084 1215 ἐστι
2154 1149 2264 1215 καὶ

243 1255 733 1339 ἀσθενέστατον
789 1259 863 1322 τὸ
922 1257 1087 1321 κατὰ
1139 1255 1423 1341 βρέγμα,
1487 1254 1596 1320 καὶ
1656 1256 1867 1343 σάρκα
1925 1256 2266 1340 ὀλιγίστην
2295 1285 2349 1324 ιο

240 1361 351 1428 καὶ
399 1362 799 1446 λεπτοτάτην
843 1359 975 1447 ἔχει
1020 1360 1128 1427 ἐπὶ
1176 1361 1398 1450 ἑωυτῷ
1434 1362 1638 1448 ταύτῃ
1692 1372 1808 1445 τῆς
1855 1368 2158 1446 κεφαλῆς,
2187 1366 2262 1428 τὸ

243 1469 507 1553 ὀστέον,
580 1466 690 1534 καὶ
755 1469 789 1534 ὁ
855 1467 1225 1552 ἐγκέφαλος
1288 1470 1453 1532 κατὰ
1519 1478 1714 1533 τοῦτο
1789 1478 1903 1552 τῆς
1973 1475 2263 1554 κεφαλῆς

241 1581 547 1652 πλεῖστος
595 1574 886 1640 ὕπεστιν.
977 1573 1086 1639 καὶ
1134 1576 1214 1658 δὴ
1264 1574 1366 1638 ὅτι
1413 1573 1622 1650 οὕτως
1667 1585 1871 1639 ταῦτα
1915 1572 2076 1660 ἔχει,
2130 1588 2264 1641 τῶν

240 1705 312 1747 τε
355 1679 675 1769 τρωΙσίων
718 1679 828 1745 καὶ
873 1692 1007 1746 τῶν
1050 1679 1301 1764 βελέων
1338 1686 1502 1746 ἴσων
1538 1703 1607 1745 τε
1644 1679 1893 1745 ἐόντων
1927 1683 2091 1746 κατὰ
2124 1681 2233 1766 μέ·
2266 1702 2369 1752 190

242 1795 448 1871 γεθος
492 1786 602 1852 καὶ
650 1786 1026 1853 ἐλασσόνων
1071 1784 1180 1851 καὶ
1227 1786 1470 1871 ὁμοίως
1524 1809 1593 1851 τε
1648 1785 1931 1870 τρωθεὶς
1984 1785 2093 1851 καὶ
2146 1783 2261 1871 ἦσ-
2291 1813 2345 1854 15

241 1910 386 1986 σον,
441 1896 517 1961 τὸ
575 1892 810 1960 ὀστέον
862 1893 1066 1980 ταύτῃ
1112 1902 1228 1977 τῆς
1270 1899 1560 1978 κεφαλῆς
1606 1897 1850 1978 φλᾶται
1895 1916 1964 1958 τε
2008 1897 2265 1978 μᾶλλον

240 2000 351 2066 καὶ
400 2002 724 2087 ῥήγνυται
764 1999 874 2065 καὶ
911 1997 1037 2065 ἔσω
1075 1999 1418 2084 ἐσφλᾶται,
1463 1997 1573 2065 καὶ
1609 2000 2117 2086 θανασιμώτερα
2151 1997 2261 2065 καὶ

238 2108 660 2191 χαλεπώτερά
706 2105 887 2172 ἐστιν
935 2107 1364 2191 ἰητρεύεσθαί
1403 2129 1473 2171 τε
1512 2105 1621 2171 καὶ
1659 2105 2107 2190 ἐκφυγγάνειν
2142 2109 2266 2173 τὸν

238 2214 543 2280 θάνατον
599 2213 802 2299 ταύτῃ
848 2215 891 2296 ἤ
936 2237 1060 2278 κου
1107 2214 1352 2277 ἄλλοθι
1397 2221 1512 2296 τῆς
1555 2218 1868 2296 κεφαλῆς·
1914 2211 2148 2290 ἑξίσων
2191 2237 2261 2279 τε

240 2318 493 2386 ἐόντων
536 2330 671 2383 τῶν
715 2318 1074 2404 τρωμάτων
1119 2318 1228 2384 καὶ
1277 2319 1518 2403 ὁμοίως
1561 2343 1630 2383 τε
1676 2320 1959 2404 τρωθεὶς
1999 2318 2109 2385 καὶ
2145 2316 2260 2404 ἦσ-
2288 2346 2340 2387 ιο

239 2443 384 2510 σον,
431 2418 846 2512 ἀποθνῄσκει
888 2425 923 2491 ὁ
962 2427 1345 2511 ἅνθρωπος,
1386 2425 1627 2491 ὁκόταν
1661 2424 1771 2490 καὶ
1809 2427 2022 2502 ἄλλως
2055 2425 2259 2510 μέλλῃ
2369 2433 2372 2434 ’

239 2532 740 2598 ἀποθανεῖσθαι
785 2530 858 2597 ἐκ
903 2540 1024 2596 τοῦ
1070 2533 1438 2617 τρώματος,
1485 2530 1560 2597 ἐν
1606 2519 1914 2597 ἐλάσσονι
1957 2533 2173 2619 χρόνῳ
2221 2531 2258 2596 ὁ

382 2732 410 2779 1
451 2731 553 2779 τοῦ
591 2727 722 2779 ante
749 2743 945 2778 κατωτ.
974 2723 1098 2791 BV,
1137 2740 1243 2777 om.
1272 2723 1420 2793 vulg.
1531 2729 1562 2776 2
1601 2723 1764 2778 ὁκοῖα
1800 2739 1901 2792 pro
1931 2718 2095 2791 ὅμοια
2122 2723 2255 2777 Litt.

238 2813 304 2850 ex
340 2797 382 2849 I.
421 2795 655 2849 Martini
702 2795 862 2864 epist.
1045 2800 1075 2847 3
1122 2794 1266 2864 ὑγρὰ
1312 2796 1409 2849 καὶ
1442 2792 1621 2849 πολλά
1655 2795 1730 2861 Β,
1772 2793 2046 2862 temptavi
2093 2790 2257 2862 ὅμοια

229 2868 400 2936 σαρκὶ
437 2866 538 2921 καὶ
573 2865 717 2936 ὑγρὰ
752 2865 929 2921 πολλά
1131 2871 1166 2917 4
1202 2866 1559 2921 δακτύλοισιν
1594 2864 1647 2919 V
1788 2861 2029 2933 διαγίγν.
2068 2864 2120 2917 Β

236 2937 450 2994 αὐτέων
487 2937 537 2990 Β
714 2943 762 2989 4.
803 2942 835 2990 ὅ
874 2936 1084 2992 ἔνεστιν
1122 2936 1182 2991 ἐν
1218 2936 1289 3003 Β,
1348 2936 1432 2992 ἔνι
1468 2932 1525 2989 δ’
1559 2934 1794 3005 Vvulg„
1845 2936 2043 3005 scripsi
2080 2935 2258 2991 ἔνεστι

237 3006 294 3063 δ’
397 3014 428 3062 5
459 3005 661 3080 φλεβία
691 3007 849 3061 codd.
953 3007 1456 3076 [acal-nodvmog
1475 3051 1487 3062 .
1511 3050 1522 3061 .
1544 3005 1968 3076 μαλθακότητος
1997 3050 2008 3061 .
2032 3049 2043 3060 .
2073 3007 2255 3074 κοιλό-

234 3099 396 3149 τητος
439 3078 575 3145 BV,
631 3078 848 3132 dativus
892 3079 1040 3169 vulg.
1088 3077 1184 3146 Pq.
1378 3083 1406 3131 7
1455 3085 1560 3134 νῦν
1605 3078 1791 3145 codd„
1849 3074 1953 3133 οὖν
1996 3077 2129 3132 Litt.

237 3155 268 3203 8
304 3154 436 3219 post
470 3148 759 3218 λεπτότητι
795 3149 924 3203 add.
963 3167 1158 3212 ουτως·
1197 3149 1352 3218 νῦΙς,
1385 3149 1502 3218 Pq.,
1541 3166 1645 3203 om.
1685 3148 1785 3203 BV
1926 3154 1978 3203 8.
2015 3154 2046 3202 9
2088 3149 2258 3217 ξυμπ.

237 3221 282 3273 Β
428 3227 491 3274 11
533 3216 627 3289 ἐφ’
669 3220 721 3274 V
829 3219 1039 3275 ἑωυτέω
1076 3220 1141 3287 Β,
1180 3219 1358 3274 ἑαυτῶ
1394 3218 1444 3273 V
1532 3220 1738 3289 ταύτης
1771 3219 1818 3272 Β
1956 3225 2021 3273 13
2059 3216 2253 3273 ’ὕπεστι

238 3290 290 3344 V
377 3292 449 3362 δὴ
479 3290 565 3346 ὅτι
592 3291 657 3358 Β,
694 3289 817 3345 ὃιότ
839 3290 906 3357 V,
945 3288 1095 3345 διότι
1116 3290 1269 3361 vulg.
1359 3288 1501 3345 οὕτω
1530 3289 1583 3343 V
1668 3288 1827 3345 ταῦτ’
1860 3289 1913 3343 V
2020 3294 2087 3344 17
2124 3289 2261 3343 εἴσω

239 3361 284 3413 Β
392 3369 473 3420 17.
509 3367 583 3417 18.
620 3366 757 3417 θαν.
795 3362 894 3415 καὶ
929 3360 1041 3416 ἐστι
1076 3364 1195 3431 χαλ.
1234 3361 1338 3431 ἰητ.
1376 3361 1428 3415 V
1554 3366 1619 3415 19
1657 3357 1692 3428 ἧ
1728 3360 1780 3414 V
1886 3381 2012 3416 κον.
2037 3359 2252 3427 scripsi,

241 3441 351 3487 πού
385 3435 543 3489 codd.
657 3433 714 3498 ἐξ
752 3432 885 3489 ἴσων
920 3432 1069 3486 Erm.
1231 3437 1301 3488 20
1336 3435 1463 3502 post
1498 3451 1662 3499 τρωμ.
1702 3432 1829 3486 add.
1869 3431 1967 3485 καὶ
2001 3426 2252 3496 ἡσσόνων

242 3502 368 3558 Litt.
515 3511 580 3558 21
622 3502 1008 3572 ἀποθνήσκειν
1043 3503 1095 3556 V
1204 3503 1233 3557 ὁ
1272 3519 1382 3558 om.
1415 3502 1467 3556 V
1573 3500 1709 3558 ὅταν
1744 3500 1796 3554 V
2142 3520 2166 3547 ,ι
2255 3538 2263 3545 «

1865 3557 2043 3642 ι*·’Χ
