2588 3876
417 789 633 856 ΠΕΡΙ
678 788 865 855 ΤΩΝ
909 789 1037 856 ΕΝ
1079 789 1495 857 ΚΕΦΑΛΗΙ
1541 791 2055 859 ΤΡΩΜΑΤΩΝ.

369 955 520 1016 Τῶν
554 951 938 1037 ἀνθρώπων
973 953 1040 1017 αἱ
1076 949 1359 1037 κεφαλαὶ
1397 952 1600 1018 οὐδὲν
1637 952 1880 1037 ὁμοίως
1908 955 2143 1037 σφίσιν
2177 968 2273 1037 ΠΙ,
2287 969 2472 1025 18213.

228 1059 455 1136 αὐταῖς
503 1058 665 1124 οὐδὲ
710 1060 778 1123 αἱ
819 1056 1029 1145 ῥαφαὶ
1065 1069 1181 1143 τῆς
1212 1064 1506 1144 κεφαλῆς
1541 1060 1812 1124 πάντων
1844 1063 2009 1126 κατὰ
2043 1061 2252 1125 ταύτὰ

225 1167 578 1250 πεφύκασι.
652 1164 795 1230 ἀλλ’
851 1166 1030 1242 ὅστις
1074 1166 1198 1250 μὲν
1242 1163 1377 1251 ἔχει
1422 1165 1496 1231 ἐκ
1540 1176 1661 1232 τοῦ
1707 1163 2090 1251 ἔμπροσθεν
2134 1176 2249 1252 τῆς

223 1277 517 1357 κεφαλῆς
561 1274 905 1358 προβολήν
950 1310 1035 1320 -
1082 1272 1122 1356 ἡ
1170 1273 1245 1338 δὲ
1298 1275 1601 1357 προβολή
1645 1271 1827 1338 ἐστιν
1872 1274 2079 1338 αὐτοῦ
2123 1283 2246 1339 τοῦ
2304 1300 2331 1341 5

226 1378 464 1444 ὀστέου
511 1377 734 1465 ἐξέχον
787 1380 1203 1464 στρογγύλον
1255 1380 1435 1465 παρὰ
1488 1381 1563 1444 τὸ
1619 1380 1781 1444 ἄλλο
1827 1417 1944 1463 -,
2003 1381 2247 1446 τούτου

223 1485 398 1551 εἰσὶν
447 1487 517 1550 αἱ
564 1484 772 1573 ῥαφαὶ
808 1495 1174 1570 πεφυκυῖαι
1209 1484 1285 1550 ἐν
1321 1494 1399 1570 τῇ
1435 1491 1689 1571 κεφαλῇ
1730 1487 1945 1572 ὥσπερ
1984 1487 2249 1572 γράμμα

223 1595 297 1659 τὸ
346 1602 474 1658 ταῦ
528 1592 869 1678 γράφεται.
947 1593 1068 1676 τὴν
1112 1592 1235 1676 μὲν
1289 1593 1416 1677 γὰρ
1471 1591 1886 1677 βραχυτέρην
1940 1595 2248 1678 γραμμὴν

222 1697 357 1785 ἔχει
422 1701 553 1784 πρὸ
619 1709 733 1783 τῆς
795 1700 1129 1783 προβολῆς
1192 1697 1583 1783 ἐπικαρσίην
1652 1708 2053 1783 πεφυκυῖαν,
2125 1701 2248 1784 τὴν

225 1804 287 1870 δ’
325 1805 560 1891 ἑτέρην
601 1804 1016 1891 μακροτέρην
1061 1807 1369 1890 γραμμὴν
1414 1802 1548 1890 ἔχει
1595 1805 1707 1869 διὰ
1750 1803 1952 1889 μέσης
1994 1815 2108 1888 τῆς
2143 1830 2246 1871 κε·
2276 1834 2330 1873 10

227 1918 442 1998 φαλῆς
487 1914 651 1979 κατὰ
694 1922 900 1998 μῆκος
944 1921 1326 1997 πεφυκυῖαν
1370 1913 1538 1997 πρὸς
1582 1912 1704 1978 τὸν
1738 1911 2067 1998 τράχηλον
2103 1913 2248 1978 αἰεί.

225 2010 409 2097 ὅστις
455 2018 514 2084 δ’
571 2022 856 2085 ὄπισθεν
902 2029 1016 2103 τῆς
1057 2025 1347 2104 κεφαλῆς
1390 2020 1513 2103 τὴν
1566 2021 1907 2104 προβολὴν
1961 2016 2123 2105 ἔχει,
2179 2021 2246 2085 αἱ

225 2124 436 2213 ῥαφαὶ
483 2127 695 2214 τούτῳ
742 2127 1077 2210 πεφύκασι
1131 2128 1209 2190 τὰ
1264 2124 1532 2191 ἐναντία
1585 2125 1626 2209 ἢ
1679 2134 1770 2215 τῷ
1815 2125 2140 2214 προτέρῳ·
2204 2126 2244 2209 ἡ

225 2234 347 2317 μὲν
393 2234 521 2318 γὰρ
566 2231 935 2318 βρακυτέρη
982 2234 1245 2318 γραμμὴ
1292 2234 1421 2317 πρὸ
1479 2239 1594 2315 τῆς
1646 2234 1980 2317 προβολῆς
2033 2231 2247 2317 πέφυ-

222 2363 341 2404 κεν
387 2338 755 2423 ἐπικαρσίη,
800 2338 840 2423 ἡ
889 2339 965 2403 δὲ
1008 2336 1374 2423 μακροτέρη
1421 2339 1685 2423 γραμμὴ
1733 2338 1846 2402 διὰ
1889 2337 2089 2423 μέσης
2132 2348 2247 2422 τῆς
2275 2364 2328 2405 15

223 2451 516 2529 κεφαλῆς
559 2443 815 2529 πέφυκε
859 2446 1024 2510 κατὰ
1058 2455 1264 2530 μῆκος
1302 2443 1369 2520 ἐς
1404 2446 1479 2510 τὸ
1517 2444 1821 2528 μέτωπον
1858 2447 2002 2510 αἰεί.
2068 2445 2248 2520 ὅστις

226 2551 302 2616 δὲ
337 2550 820 2637 ἀμφοτέρωθεν
855 2561 970 2635 τῆς
1003 2557 1292 2636 κεφαλῆς
1326 2552 1671 2636 προβολὴν
1706 2548 1861 2635 ἔχει,
1907 2552 1978 2615 ἔκ
2019 2573 2088 2615 τε
2123 2559 2244 2615 τοῦ

223 2659 611 2743 ἔμπροσθεν
644 2655 785 2745 καὶΙ
817 2656 891 2723 ἐκ
926 2666 1047 2723 τοῦ
1095 2659 1400 2741 ὄπισθεν,
1446 2657 1659 2744 τούτῳ
1698 2658 1766 2722 αἱ
1804 2656 2017 2743 ῥαφαί
2048 2659 2218 2722 εἰσιν
2248 2678 2353 2727 184

368 2890 398 2939 1
438 2904 615 2940 ιπποκ
583 2906 821 2953 κρατους
853 2885 915 2939 in
941 2886 1028 2940 tit.
1058 2902 1297 2955 praescr.
1336 2885 1384 2937 B
1510 2891 1541 2938 2
1581 2885 1754 2954 φησὶν
1789 2884 1852 2950 Β,
1892 2893 2096 2954 σφῆσιν
2123 2882 2177 2938 V

224 2961 365 3015 3πε
367 2956 584 3027 φύκασι
617 2956 682 3023 Β,
719 2978 780 3013 -ν
816 2956 869 3011 V
903 2956 1051 3025 vulg.
1197 2962 1228 3010 5
1269 2956 1382 3011 ἐστι
1385 2958 1437 3026 (ν
1473 2956 1569 3046 13²)
1605 2954 1807 3010 αὐτέου
1842 2955 1907 3023 Β,
1945 2956 2057 3010 ἐστι
2092 2955 2155 3010 τὸ
2194 2954 2247 3009 V

222 3028 373 3097 vulg.
515 3033 554 3081 6
589 3026 821 3083 τουτέου
855 3028 903 3080 Β
1062 3026 1123 3082 τέ
1160 3027 1264 3082 εἰσι
1243 3049 1299 3083 ιν
1335 3027 1399 3094 Β,
1436 3024 1493 3082 δ’
1536 3026 1677 3083 εἰσὶν
1712 3025 1780 3094 V,
1816 3046 1875 3081 τε
1910 3027 1998 3082 vel
2035 3024 2091 3080 δ’
2135 3043 2241 3081 om

224 3098 372 3167 vulg.
505 3104 536 3153 7
573 3107 882 3169 πεφυκυῖαι
916 3101 982 3152 ut
1018 3099 1241 3168 saepius
1277 3098 1325 3151 B
1434 3098 1508 3161 ὡς
1542 3097 1595 3152 V
1736 3102 1770 3150 8
1805 3100 1935 3167 post
1969 3107 2075 3153 ταῦ
2113 3099 2241 3151 add.

233 3170 482 3239 Tvulg„
521 3187 626 3224 om
661 3169 760 3223 BV
883 3175 950 3223 10
987 3190 1131 3239 μακρ
1065 3168 1332 3239 προτέρην
1367 3186 1474 3223 om.
1496 3168 1549 3223 V
1675 3174 1739 3221 11
1778 3178 2099 3238 πεφυκυῖαν
2135 3186 2241 3224 om

227 3238 278 3292 V
383 3242 442 3305 ἐς
475 3257 579 3311 pro
616 3241 759 3310 πρὸς
794 3240 847 3295 V
991 3248 1055 3295 13
1092 3239 1297 3295 τουτέω
1332 3240 1397 3306 Β,
1433 3240 1646 3294 τούτων
1682 3239 1751 3306 V,
1786 3241 1985 3295 τούτου
2021 3240 2170 3331 vulg.

226 3310 499 3367 τάναντία
535 3312 588 3366 V
719 3310 755 3381 ἢ
794 3329 901 3366 om.
940 3311 986 3364 B
1115 3319 1182 3366 14
1217 3311 1327 3379 πρὸ
1366 3328 1471 3366 om.
1508 3310 1555 3363 B
1684 3282 1751 3364 15’
1788 3311 1953 3365 ἐπεκα
1955 3309 2104 3381 ρι’ση,
2151 3311 2244 3365 ἐπι

229 3380 288 3433 in
319 3399 448 3438 raso
484 3383 609 3438 loco
646 3382 699 3437 V
840 3383 1061 3453 γραμμὴ
1098 3400 1205 3437 om.
1242 3382 1297 3436 V
1439 3388 1506 3436 16
1544 3382 1635 3436 ἀεὶ
1670 3380 1724 3436 V
1867 3379 2011 3443 ὅστις
2046 3382 2109 3435 δὲ
2146 3380 2248 3433 καὶ

231 3452 429 3521 ἀμφοτ.
466 3453 519 3507 V
665 3460 731 3508 18
768 3453 1008 3509 alterum
1044 3454 1106 3508 ἐκ
1143 3470 1248 3507 om.
1285 3453 1339 3506 V
1453 3450 1740 3507 τουτέωΒ

332 3553 427 3593 1112
428 3563 671 3595 oooooooo
696 3553 759 3594 11.
1896 3543 1922 3588 1
