2588 3876
669 106 843 155 ΠΕΡΙ
877 104 1166 156 ΑΡΘΡΩΝ
1205 105 1565 154 ΕΜΒΟΛΗΣ
1603 107 1687 156 61.
1727 108 1794 156 62
2119 102 2247 166 211

241 261 338 327 καὶ
374 266 743 349 σχημάτων·
787 265 954 329 ὅταν
991 262 1063 329 δὲ
1100 274 1292 347 μεῖον
1329 263 1567 349 ἐκπέσῃ
1605 262 1715 328 καὶ
1754 263 2020 349 ὀλίσθῃ,
2059 264 2253 349 ῥήῖον

236 365 347 452 μὲν
389 369 739 454 ἐμβάλλειν
782 373 861 436 τὰ
908 380 1182 436 τοιαῦτα
1227 381 1363 436 τῶν
1410 368 1651 455 ἑτέρων
1697 372 1983 453 γίνεται·
2047 370 2130 453 ἣν
2178 366 2253 433 δὲ

234 483 651 562 καταπορηθῇ
699 477 739 560 ἢ
785 476 896 541 καὶ
944 477 1243 561 ἄμεληθῇ
1292 476 1630 561 ἐμπεσεῖν,
1676 479 1908 559 μείους
1953 477 2064 541 καὶ
2111 475 2252 540 ἀσι-

232 580 517 667 νέστεραι
564 584 639 650 αἱ
670 584 997 667 πηρώσιες
1035 585 1336 667 γίνονται
1373 582 1714 648 τούτοισιν
1750 583 1790 667 ἢ
1831 573 2010 647 οἷσιν
2047 582 2251 669 ὀλίγῳ

230 691 521 772 πρόσθεν
567 694 837 774 εἴρηται.
927 691 1009 753 τὰ
1062 690 1186 773 μὲν
1242 684 1369 754 οὖν
1423 690 1590 753 ἄλλα
1636 690 1861 774 ἄρθρα
1915 690 2024 754 καὶ
2071 690 2249 753 πάνυ
2307 714 2331 754 5

230 798 393 859 πολὺ
440 795 744 879 διαφέρει
792 794 859 872 ἐς
912 798 989 860 τὸ
1037 795 1146 860 ὁτὲ
1190 797 1316 879 μὲν
1360 805 1575 879 μεῖον,
1633 791 1740 860 ὁτὲ
1799 795 1874 859 δὲ
1926 795 2122 876 μέζον
2175 798 2251 860 τὸ

229 886 554 985 ὀλίσθημα
595 909 967 968 ποιεῖσθαι·
1015 912 1233 987 μηροῦ
1272 899 1347 966 δὲ
1384 904 1494 967 καὶ
1531 904 1890 987 βραχίονος
1926 901 2209 986 κεφαλαὶ
2243 902 2251 988 Ι

225 1010 813 1092 παραπλησιώτατα
877 1008 1364 1073 ὀλισθάνουσιν
1432 1008 1596 1091 αὐτὴ
1654 1005 1866 1092 ἑωυτῇ
1932 1006 2231 1093 ἑκατέρη·
2252 1024 2356 1072 262

228 1114 333 1178 ἅτε
378 1116 506 1200 γὰρ
553 1116 957 1198 στρογγύλαι
1004 1114 1128 1198 μὲν
1174 1116 1241 1179 αἱ
1278 1112 1562 1199 κεφαλαὶ
1610 1113 1840 1179 ἐοῦσαι
1878 1114 2096 1196 ἁπλῆν
2132 1116 2256 1198 τὴν

226 1223 726 1305 στρογγύλωσιν
761 1222 871 1285 καὶ
910 1222 1260 1305 φαλακρὴν
1307 1223 1564 1305 ἔχουσι,
1610 1219 2035 1304 κυκλοτερέες
2073 1217 2146 1284 δὲ
2184 1222 2254 1285 αἱ
2283 1247 2335 1286 10

223 1329 466 1391 κοιλίαι
527 1326 756 1392 ἐοῦσαι
816 1329 886 1392 αὶ
946 1329 1297 1411 δεχόμεναι
1357 1328 1473 1403 τὰς
1517 1327 1836 1412 κεφαλάς,
1897 1326 2255 1412 ἁρμόζουσι

224 1432 349 1516 [δὲ]
411 1442 562 1518 τῇσι
621 1438 975 1518 κεφαλῇσι·
1035 1435 1148 1497 διὰ
1202 1443 1401 1497 τοῦτο
1460 1433 1582 1498 οὐκ
1637 1431 1823 1498 ἔστιν
1885 1433 2123 1518 αὐτῇσι
2177 1435 2251 1497 τὸ

221 1537 423 1619 ἥμισυ
461 1538 769 1622 ἐκστῆναι
806 1548 927 1604 τοῦ
966 1540 1256 1625 ἄρθρου·
1307 1539 1662 1604 ὀλισθάνοι
1697 1541 1824 1623 γὰρ
1864 1538 1949 1604 ἂν
1987 1540 2097 1603 διὰ
2133 1540 2255 1622 τὴν

222 1649 653 1730 περιφερειήν
707 1645 747 1729 ἢ
804 1644 871 1721 ἐς
928 1648 1002 1710 τὸ
1059 1643 1181 1723 ἔξω
1229 1646 1271 1729 ἢ
1317 1644 1385 1722 ἐς
1438 1648 1514 1710 τὸ
1562 1642 1708 1709 ἔσω.
1800 1647 1950 1729 περὶ
1999 1639 2081 1709 οὗ
2128 1640 2255 1709 οὖν

221 1749 253 1814 ὁ
300 1754 529 1834 λόγος,
577 1750 1012 1817 ἐκπίπτουσιν
1056 1751 1292 1828 τελέως
1336 1752 1495 1836 ἤδη,
1551 1749 1691 1816 ἐπεὶ
1751 1753 1963 1825 ἄλλως
2008 1773 2084 1832 γε
2130 1751 2256 1814 οὐκ
2283 1776 2332 1815 15

222 1855 640 1923 ἐκπίπτουσι·
717 1858 892 1944 ὅμως
953 1855 1027 1922 δὲ
1083 1857 1193 1923 καὶ
1249 1867 1458 1923 ταῦτα
1513 1854 1619 1922 ὁτὲ
1674 1853 1798 1942 μὲν
1843 1856 2049 1922 πλέον
2094 1855 2254 1920 ἄπο-

221 1965 402 2049 πηδᾷ
450 1963 577 2029 ἀπὸ
627 1974 741 2048 τῆς
787 1966 1059 2049 φύσιος,
1116 1966 1225 2033 ὁτὲ
1272 1963 1345 2029 δὲ
1393 1968 1700 2030 ἔλασσον·
1755 1970 2010 2045 μᾶλλον
2070 1962 2149 2028 δέ
2190 1988 2253 2028 τι

219 2073 430 2156 μηρὸς
474 2080 674 2136 τοῦτο
721 2074 1079 2157 βραχίονος
1124 2071 1486 2137 πέπονθεν.

352 2175 458 2240 62.
499 2174 681 2241 Ἐπεὶ
719 2180 864 2242 ἔνια
901 2179 1009 2242 καὶ
1040 2189 1172 2242 τῶν
1203 2177 1275 2241 ἐκ
1304 2187 1534 2260 γενεῆς
1573 2177 1950 2260 γενομένων
1982 2176 2253 2259 ὀλισθη-

217 2284 465 2366 μάτων,
506 2283 590 2366 ἢν
631 2288 639 2362 Ι
681 2286 963 2368 σμικρὸν
998 2283 1271 2368 ὀλίσθῃ,
1322 2274 1431 2347 οἷά
1467 2307 1536 2347 τε
1574 2282 1640 2359 ἐς
1676 2285 1799 2367 τὴν
1835 2285 2047 2367 φύσιν
2085 2285 2232 2365 ἄγε-
2253 2299 2359 2346 264

364 2410 393 2456 1
446 2402 646 2472 ὀλισθῆ
683 2404 825 2470 BM,
871 2406 938 2457 ut
983 2404 1165 2458 solent
1200 2404 1432 2473 plurimi
1470 2404 1629 2457 codd.
1742 2400 1906 2472 ὁήϊον
1945 2403 2143 2471 scripsi
2180 2403 2250 2456 cf.

216 2477 398 2545 Μοχλ.
440 2491 484 2526 c.
525 2481 620 2542 42,
660 2471 882 2545 ῥηίδιον
921 2476 1080 2529 codd.
1228 2481 1259 2528 2
1299 2473 1528 2544 γένηται
1564 2474 1635 2538 Β,
1683 2470 1907 2543 γίνηται
1942 2474 2002 2526 Μ
2146 2479 2177 2525 3
2217 2471 2253 2541 ἢ

217 2560 323 2598 om.
365 2544 418 2597 V
483 2546 579 2599 καὶ
615 2562 721 2599 om.
762 2545 821 2598 M
966 2552 999 2598 4
1036 2547 1240 2615 πορώσ.
1280 2546 1367 2612 Μ,
1409 2546 1707 2613 πωρώσηες
1745 2543 1795 2597 V
1902 2543 2252 2613 τούτοισι(ν’)

215 2614 274 2668 Μ
388 2585 500 2670 οίσι
536 2616 596 2668 Μ
723 2622 755 2669 6
796 2613 884 2672 ὅτε
915 2659 925 2670 .
960 2660 970 2670 .
1005 2660 1014 2668 .
1049 2614 1137 2671 ὅτε
1175 2615 1225 2669 V
1333 2620 1519 2685 μεῖζον
1557 2614 1678 2667 MV
1778 2618 1835 2666 ‘7
1876 2613 2048 2669 ποιέε.
2090 2613 2250 2667 codd.

327 2692 376 2739 7.
409 2691 441 2740 8
482 2684 565 2740 ὅτι
600 2696 780 2756 μηροῦ
809 2687 908 2741 καὶ
935 2683 1235 2759 βραχίονος
1261 2687 1479 2756 κεφαλὴ
1505 2681 1908 2754 παραπλησίως
1937 2681 2253 2739 ὀλισθαίνει

215 2757 303 2810 tit.
343 2758 406 2810 in
443 2775 514 2810 m.
558 2775 676 2827 sup,
716 2758 776 2810 M
903 2763 935 2810 8
973 2759 1509 2826 παραπλησιώταται
1535 2756 1697 2824 BAp.
1811 2754 2179 2810 ὀλισθάνουσι
2206 2755 2252 2808 Β

330 2834 364 2881 9
408 2827 470 2881 αἱ
507 2848 631 2897 κεφ.
672 2828 778 2881 del.
819 2828 967 2882 Erm.
1079 2829 1273 2883 ἐοῦσαι
1312 2828 1372 2881 αἱ
1409 2849 1458 2882 κ.
1499 2827 1551 2881 V
1714 2831 1781 2880 10
1828 2830 2153 2894 κυκλοτερες
2188 2826 2253 2893 Β,

213 2897 585 2967 κυκλωτερέες
611 2899 661 2953 V
809 2904 871 2951 11
906 2895 1069 2953 οὖσαι
1096 2899 1143 2952 Β
1252 2898 1595 2968 ἁρμόζουσαι
1623 2897 1826 2964 BMV,
1864 2915 1947 2951 -σι
1982 2896 2178 2950 HLitt.

217 2975 282 3023 12
325 2968 390 3023 δὲ
419 2969 648 3037 exclusi,
688 2970 758 3038 δὴ
785 2986 887 3038 pro
917 2970 978 3024 δὲ
1008 2970 1159 3022 Erm.
1237 2970 1351 3024 ἔστι
1378 2969 1423 3022 Β
1507 2970 1706 3032 αὐταις
1736 2971 1867 3037 (-οῖς
1895 2968 2044 3037 Sch.)
2074 2968 2180 3036 Ap.

213 3042 278 3096 τὸ
309 3042 446 3093 ante
473 3039 565 3109 ἡμ.
594 3040 833 3093 inseruit
859 3040 945 3092 Μ’
1057 3046 1121 3094 13
1153 3036 1470 3095 ὀλισθαίνει
1497 3040 1573 3106 M,
1612 3037 1818 3108 -θαίνη
1838 3039 1891 3092 V
2001 3045 2068 3092 14
2096 3058 2254 3107 περι-

216 3131 367 3180 φερα
404 3111 452 3163 Β
525 3109 654 3165 εἴσω
692 3110 752 3163 Μ
825 3108 860 3179 ἢ
899 3111 955 3174 ἐς
989 3111 1053 3165 τὸ
1093 3112 1200 3164 ἔσω
1238 3108 1274 3179 ἢ
1315 3111 1372 3174 ές
1405 3111 1469 3165 τὸ
1510 3111 1610 3175 ἔξω
1648 3110 1700 3164 V
1819 3115 1885 3164 15
1923 3114 2054 3179 post
2091 3108 2254 3179 λόγος

215 3182 346 3236 add.
388 3180 539 3235 ἐστὶν
575 3181 808 3250 MVAp.
939 3177 1268 3235 ἐκπίπτουσι
1314 3181 1435 3234 MV
1560 3178 1780 3244 τελείως
1824 3181 1870 3233 Β
1995 3179 2071 3247 ἥδ
2144 3198 2248 3235 om.

213 3252 319 3321 Ap.
473 3257 539 3304 16
599 3248 963 3306 ἐκπίπτουσιν
999 3251 1120 3305 MV
1249 3249 1454 3320 ὁμοίως
1489 3252 1595 3321 Ap.
1717 3249 1805 3307 ὅτε
1836 3295 1845 3305 .
1882 3296 1891 3305 .
1925 3296 1935 3305 .
1970 3249 2058 3306 ὅτε

213 3323 387 3378 πλέον
427 3322 644 3391 scripsi,
687 3326 878 3377 πλεῖον
913 3322 1117 3388 BMV,
1155 3319 1328 3376 πλείω
1364 3322 1513 3391 vulg.
1655 3328 1721 3375 17
1761 3323 1980 3391 φύσεως
2015 3322 2086 3386 Β,
2127 3341 2252 3391 -ηος

215 3393 267 3446 V
341 3390 397 3449 δ’
436 3393 517 3447 ἔτι
542 3394 646 3460 Ap.
761 3398 827 3447 18
864 3403 965 3448 τοῦ
1000 3411 1103 3463 pro
1132 3401 1298 3446 τοῦτο
1327 3393 1373 3445 Β
1485 3397 1550 3445 19
1591 3392 1683 3447 ἐπὶ
1710 3394 1808 3447 καὶ
1839 3394 1962 3448 ἔνια
1990 3401 2102 3445 τῶν
2132 3395 2185 3445 Γ

219 3466 342 3521 ἔνια
383 3465 519 3518 ante
555 3460 624 3530 ἢν
662 3463 713 3516 V
821 3470 888 3518 20
925 3464 961 3532 ἡ
1000 3467 1131 3518 ante
1169 3461 1240 3532 ἢν
1277 3463 1407 3517 add.
1447 3463 1519 3531 Β,
1557 3463 1593 3531 ἡ
1632 3464 1668 3532 ἡ
1707 3467 1760 3517 Γ
1829 3480 1913 3532 σμ.
1953 3467 2025 3526 Γ,
2066 3482 2115 3530 μ.
2149 3461 2247 3515 rel.

1825 3551 1927 3604 14*
