2588 3876
1015 886 1498 956 MOXAIKON.

375 1069 432 1133 1.
493 1042 770 1132 Ὀστέων
806 1068 1044 1151 φύσις·’
1083 1069 1429 1133 δακτύλων
1467 1068 1590 1150 μὲν
1626 1067 1800 1133 ἁπλᾶ
1836 1069 1944 1133 καὶ
1986 1067 2179 1134 ὀστέα
2210 1052 2476 1128 IV340L

239 1177 350 1240 καὶ
398 1176 651 1261 ἄρθρα,
696 1175 914 1259 χειρὸς
959 1171 1032 1239 δὲ
1078 1176 1187 1240 καὶ
1232 1176 1440 1251 ποδὸς
1483 1175 1723 1259 πολλά,
1771 1176 1938 1239 ἄλλα
1984 1174 2262 1250 ἀλλοίως

241 1279 796 1366 συνηρθρωμένα·
860 1280 1134 1364 μέγιστα
1188 1282 1263 1346 δὲ
1316 1282 1398 1347 τὰ
1443 1281 1772 1347 ἀνωτάτω.
1862 1280 2143 1367 πτέρνης
2187 1281 2262 1345 δὲ
2309 1361 2313 1364 y

241 1386 343 1472 ἕν,
392 1378 543 1452 οἷον
586 1384 840 1465 ἔξωθεν
886 1390 1217 1471 φαίνεται·
1264 1389 1430 1473 πρὸς
1476 1386 1551 1454 δὲ
1597 1389 1807 1472 αὐτὴν
1850 1389 1916 1479 οἱ
1962 1387 2260 1453 ὀπίσθιοι

240 1493 542 1570 τένοντες
578 1496 889 1559 τείνουσι.
970 1497 1221 1579 κνήμης
1256 1491 1331 1558 δὲ
1370 1495 1493 1560 δύο
1523 1496 1791 1561 ἄνωθεν
1816 1495 1925 1560 καὶ
1960 1495 2262 1560 κάτωθεν
2316 1518 2341 1559 5

240 1602 678 1686 συνεχόμενοι,
724 1603 887 1666 κατὰ
932 1600 1137 1683 μέσον
1182 1602 1257 1666 δὲ
1294 1600 1600 1686 διέχοντα
1638 1604 1945 1687 σμικρόν·
1999 1602 2074 1666 τὸ
2112 1599 2262 1679 ἔξω-

236 1714 369 1772 θεν
428 1708 591 1772 κατὰ
649 1708 768 1772 τὸν
826 1709 1111 1793 σμικρὸν
1169 1708 1501 1773 δάκτυλον
1564 1711 1960 1793 λεπτότερον
2010 1711 2262 1793 βραχεῖ,

239 1819 554 1880 πλεῖστον
599 1815 674 1879 δὲ
719 1815 923 1900 ταύτῃ
962 1816 1272 1899 διεχούσῃ
1310 1815 1419 1879 καὶ
1457 1814 1851 1900 σμικροτέρῃ
1891 1814 2061 1902 ῥοπῇ
2098 1813 2262 1878 κατὰ

237 1923 441 2005 γόνυ,
505 1921 614 1986 καὶ
675 1920 709 1987 ὁ
769 1921 980 1987 τένων
1039 1919 1104 2001 ἑξ
1165 1922 1374 1988 αὐτοῦ
1429 1921 1754 2008 πέφυκεν,
1818 1920 1854 1987 ὁ
1909 1921 2085 2006 παρὰ
2140 1921 2262 2004 τὴν

240 2018 486 2111 ἰγνύην
521 2025 660 2106 ἔξω.
735 2031 960 2114 ἔχουσι
999 2026 1072 2095 δὲ
1108 2029 1413 2095 κάτωθεν
1450 2032 1686 2114 κοινὴν
1722 2027 2064 2114 ἐπίφυσιν,
2099 2028 2264 2113 πρὸς
2290 2054 2345 2093 ιο

236 2125 282 2218 ᾗ
321 2133 358 2199 ὁ
397 2137 564 2210 ποὺς
600 2145 901 2200 κινεῖται·
964 2136 1173 2220 ἄλλην
1209 2134 1269 2200 δ’
1315 2138 1584 2202 ἄνωθεν
1619 2133 1888 2221 ἔχουσιν
1923 2133 2261 2218 ἐπίφυσιν,

238 2231 395 2324 ἕνῇ
430 2242 505 2305 τὸ
542 2250 661 2306 τοῦ
697 2250 911 2326 μηροῦ
949 2242 1213 2327 ἄρθρον
1246 2253 1555 2326 κινεῖται,
1601 2242 1852 2308 ἁπλόον
1888 2226 1998 2306 καὶ
2035 2241 2262 2307 εὐστα-

239 2343 352 2422 λὲς
397 2346 486 2424 ὡς
531 2344 637 2412 ἐπὶ
681 2350 904 2431 μήκει·
968 2344 1146 2425 εἶδος
1190 2351 1636 2431 κονδυλῶδες,
1681 2345 1839 2434 ἔχον
1882 2346 2261 2429 ἐπιμυλίδα·

241 2452 443 2529 αὐτὸς
502 2451 561 2517 δ’
606 2450 922 2538 ἔγκυρτος
978 2450 1101 2532 ἔξω
1160 2453 1270 2520 καὶ
1326 2452 1734 2542 ἔμπροσθεν·
1796 2455 1835 2539 ἡ
1892 2454 1968 2519 δὲ
2011 2454 2273 2537 κεφαλὴ,

239 2558 557 2643 ἐπίφυσίς
601 2558 740 2624 ἐστι
788 2562 1191 2645 στρογγύλη,
1247 2558 1314 2639 ἑξ
1370 2557 1448 2646 ἧς
1500 2561 1574 2626 τὸ
1631 2569 1876 2646 νεῦρον
1933 2561 2007 2625 τὸ
2067 2557 2141 2624 ἐν
2183 2568 2261 2643 τῇ
2292 2583 2344 2625 15

238 2666 488 2751 κοτύλῃ
535 2675 657 2730 τοῦ
696 2667 913 2751 ἰσχίου
947 2666 1272 2750 πέφυκεν·
1337 2668 1757 2751 ὑποπλάγιον
1802 2664 1875 2732 δὲ
1921 2667 2029 2731 καὶ
2065 2674 2263 2731 τοῦτο

237 2775 719 2858 προσήρτηται,
764 2768 975 2856 ἧσσον
1011 2775 1086 2838 δὲ
1120 2777 1492 2859 βραχίονος.
1564 2776 1640 2839 τὸ
1678 2772 1735 2840 δ’
1785 2758 2001 2859 ἰσχίον
2036 2773 2264 2857 προσί-

242 2897 469 2967 σχεται
514 2880 681 2964 πρὸς
723 2887 815 2967 τῷ
861 2880 1120 2969 μεγάλῳ
1177 2882 1537 2969 σφονδύλῳ
1591 2882 1668 2946 τὸ
1725 2882 1900 2965 παρὰ
1952 2881 2027 2944 τὸ
2085 2879 2266 2970 ἱερὸν

388 3041 417 3090 1
459 3035 591 3105 Cap.
635 3041 663 3088 1
703 3035 834 3088 hino
870 3036 1174 3106 seiungunt
1209 3038 1268 3091 et
1306 3037 1379 3091 ad
1414 3036 1671 3092 libellum
1709 3038 1779 3091 de
1815 3038 2020 3091 natura
2056 3036 2265 3090 ossium

238 3106 495 3162 referunt
529 3106 875 3160 Lind.E1-m.
988 3114 1019 3160 2
1056 3107 1270 3162 πουλλὰ
1306 3109 1366 3161 M
1474 3113 1505 3162 3
1545 3110 1814 3177 ξυνηρθρ.
1852 3108 1939 3177 Μ,
1976 3123 2022 3161 σ.
2061 3108 2164 3162 cet.

240 3178 314 3233 τὰ
350 3178 472 3245 HJ,
510 3182 586 3250 τῷ
624 3177 685 3230 Μ
799 3185 832 3230 4
872 3177 1056 3233 ἐνοῖον
1093 3178 1152 3231 Μ
1262 3179 1474 3244 ἔξωθεν
1510 3180 1599 3247 Μ,
1634 3180 1737 3244 ἔξω
1774 3180 1877 3234 cet.
2005 3183 2040 3238 6
2082 3179 2271 3250 ξυνεχ.

243 3250 407 3304 codd.
573 3254 605 3303 8
662 3253 918 3304 πλεῖστον
974 3249 1036 3305 δὲ
1073 3249 1210 3341 (sel.
1269 3249 1489 3321 λεπτόν)
1543 3252 1751 3323 ταύτῃ,
1824 3241 1946 3323 (ᾖ)
2002 3248 2277 3372 διῖχουσι,

241 3312 366 3394 (ᾗ)
433 3320 531 3444 κΜαὶ
565 3319 910 3459 ἥσμικροτέρη
964 3320 1001 3389 ἡ
1059 3317 1234 3389 ροπή,
1299 3342 1348 3375 κ.
1409 3344 1458 3391 y.
1514 3322 1644 3376 Wb.
1799 3342 1927 3390 μρικ
1932 3340 2009 3375 οτ.

243 3397 311 3444 11
359 3385 495 3457 ἧΜ
603 3390 820 3461 vvulg.
967 3391 1129 3447 κινέε.
1176 3391 1266 3446 bis
1313 3394 1475 3447 codd.
1657 3398 1847 3447 12.13
1895 3390 2149 3451 εὐσταλὲς
2192 3390 2266 3451 ὡς

243 3461 409 3531 Litt„
468 3460 770 3524 εὐσταλέως
805 3462 865 3514 Μ
900 3461 1049 3532 vulg.
1091 3462 1159 3518 cf.
1200 3482 1254 3517 π.
1297 3466 1422 3534 ἀγμ.
1462 3483 1516 3533 p
1551 3470 1670 3531 101,
1701 3469 1767 3517 16
1885 3463 1891 3476 ’
1948 3467 2014 3516 13
2070 3460 2264 3528 ἐπιμν-

243 3535 390 3637 λήδα
429 3568 490 3621 Μ
649 3574 714 3621 17
760 3554 1091 3641 προσέχετει
1101 3570 1161 3622 Μ
1308 3575 1373 3623 18
1423 3575 1621 3639 σφονδ.
1660 3569 1869 3635 ubique
1906 3567 1988 3633 M,
2028 3582 2115 3620 σπ.
2157 3567 2245 3619 cet·
