2588 3876
381 187 509 251 136
894 188 1068 239 ΠΕΡΙ
1104 187 1394 240 ΑΡΘΡΩΝ
1419 153 1788 239 'mom
1827 191 1894 239 14

504 347 873 425 Ἐπιὸέσιος
943 349 1065 429 μὲν
1124 344 1251 414 οὖν
1319 351 1561 435 τρόπος
1630 346 1997 432 καθέστηκε
2067 351 2417 432 παραπλή-

377 474 522 533 σιος
566 466 738 521 τοῖσι
781 458 1178 539 πλείστοισι,
1240 464 1499 541 κηρωτῇ
1546 456 1657 520 καὶ
1721 457 2040 539 σπλήνεσι
2084 451 2196 518 καὶ
2227 452 2414 519 4ὀθο-

377 565 582 628 νίοισι
653 572 1006 648 μακροῖσιν
1089 563 1447 647 ἰητρεύειν·
1531 560 1638 626 καὶ
1719 562 1876 626 τάδε
1959 562 2063 626 δεῖ
2131 578 2414 647 προσιη-

375 671 637 754 τρεύειν
694 667 804 733 καὶ
863 669 1020 733 τάδε
1089 670 1192 733 δεῖ
1248 667 1757 754 προσσυνιέναι,
1815 666 1925 732 καὶ
1983 668 2268 749 μάλιστα
2333 665 2414 733 ἐν

323 803 348 843 5
376 776 589 863 τούτῳ
634 783 724 864 τῷ
764 778 1162 861 χειρίσματι,
1216 774 1318 862 ὅτι
1372 775 1528 852 τούς
1581 797 1651 840 τε
1708 778 2001 857 σπλῆνας
2054 777 2415 852 πλείστους

374 884 539 947 κατὰ
598 883 670 946 τὸ
737 879 961 966 ἑξέχον
1024 883 1146 966 χρὴ
1212 879 1478 947 τιθέναι
1540 879 1651 946 καὶ
1715 891 1932 947 τοῖσιν
1989 879 2411 963 ἐπιδέσμοισι

374 987 743 1055 πλείστοισι
797 990 907 1054 καὶ
959 989 1242 1071 μάλιστα
1297 990 1462 1053 κατὰ
1524 997 1723 1053 τοῦτο
1777 987 2041 1066 πιέζειν.
2140 989 2274 1053 εἰσὶ
2332 989 2412 1054 δὲ

375 1098 459 1179 δή
503 1118 707 1180 τινες,
756 1099 827 1160 οἳ
867 1094 1347 1179 ἑπεσοφίσαντο
1392 1096 1519 1178 ἤδη
1565 1095 1934 1178 μολύβὸιον
1979 1097 2153 1180 βαρὺ
2196 1112 2411 1180 προσ-

375 1204 823 1285 επικαταδεῖν,
884 1202 972 1278 ὡς
1029 1201 1544 1284 καταναγκάζειν
1587 1201 1662 1265 τὸ
1722 1199 2076 1286 ὑπερέχον·
2131 1199 2412 1267 συνίασι

293 1337 348 1375 10
375 1306 498 1390 μὲν
545 1304 670 1374 οὗν
720 1314 876 1384 ἴσως
921 1308 1080 1374 οὐδὲ
1115 1308 1180 1373 οὶ
1218 1306 1441 1384 ἁπλῶς
1475 1306 1874 1384 ἐπιδέοντες·
1920 1307 2084 1393 ἀτὰρ
2121 1308 2205 1392 δὴ
2245 1309 2413 1373 οὐδὲ

375 1409 573 1492 οὗτος
618 1415 653 1480 ὁ
701 1410 942 1500 τρόπος
987 1415 1255 1497 κληῖδος
1299 1411 1600 1498 κατήξιός
1636 1412 1844 1479 ἐστιν·
1899 1413 1980 1479 οὐ
2022 1414 2150 1499 γὰρ
2198 1409 2411 1479 &vva-—

374 1522 496 1586 τὸν
541 1522 615 1586 τὸ
661 1519 988 1606 ὑπερέχον
1041 1521 1651 1604 καταναγκάζεσθαι
1706 1519 1938 1604 οὐδέν,
1992 1520 2029 1584 ὅ
2082 1543 2149 1585 τι
2212 1519 2413 1599 ἄξιον

371 1630 598 1711 λόγου.
682 1629 870 1693 ἄλλοι
917 1626 978 1693 δ’
1026 1622 1109 1692 αὗ
1156 1624 1356 1704 τινες
1378 1629 1571 1710 εἰσίν,
1617 1627 1860 1704 οἵτινες
1905 1629 2413 1708 καταμαθόντες

372 1744 604 1820 τοῦτο,
668 1734 772 1800 ὅτι
835 1729 1028 1798 αὗται
1093 1735 1160 1798 αἱ
1226 1731 1550 1809 ἑπιδέσιες
1610 1733 1996 1819 παράφοροί
2050 1736 2226 1800 εἰσιν
2289 1733 2412 1802 καὶ

266 1859 368 1907 122
391 1842 473 1908 οὐ
506 1840 515 1928 Ι
547 1843 711 1906 κατὰ
757 1841 968 1925 φύσιν
1012 1841 1620 1923 καταναγκάζουσιν
1664 1842 1745 1905 τὰ
1788 1837 2216 1926 ὑπερέχοντα,
2263 1838 2412 1906 ἐπι-

295 1977 346 2016 16
376 1948 608 2014 δέουσι
653 1945 776 2030 μὲν
823 1949 1068 2024 αὐτοὺς
1114 1951 1433 2032 σπλήνεσι
1477 1949 1588 2012 καὶ
1634 1947 1972 2013 ὀθονίοισι
2018 1949 2410 2033 χρεώμενοι,

373 2056 590 2141 ὥσπερ
638 2055 747 2119 καὶ
785 2055 849 2119 oz
888 2056 1105 2138 ἄλλοι,
1154 2055 1475 2133 ζώσαντες
1511 2054 1587 2119 δὲ
1622 2055 1741 2120 τὸν
1778 2057 2143 2140 ἄνθρωπον
2177 2054 2408 2141 ταίνίῃ

372 2164 528 2244 τινί,
565 2154 608 2247 ᾗ
645 2161 1120 2239 εὐζωστότατος
1152 2161 1351 2238 αὐτὸς
1389 2158 1641 2226 ἑωυτοῦ
1679 2159 1840 2244 ἐστι,
1878 2161 2042 2227 ὅταν
2078 2159 2410 2228 ἐπιθέωσι

346 2269 529 2355 ἱτοὺς
600 2271 894 2349 σπλῆνας
963 2265 1072 2332 ἐπὶ
1147 2268 1227 2332 τὰ
1299 2265 1706 2352 ὑπερέχοντα
1777 2276 1898 2357 τοῦ
1970 2272 2409 2353 κατήγματος,

288 2402 344 2442 20
371 2372 853 2457 ἐξογκώσαντες
897 2371 1005 2439 ἐπὶ
1049 2375 1130 2439 τὰ
1167 2372 1500 2458 ἐξέχοντα,
1546 2375 1669 2457 τὴν
1707 2373 1917 2459 ἀρχὴν
1952 2385 2073 2439 τοῦ
2113 2374 2409 2449 ὀθονίου

523 2536 551 2585 1
594 2529 837 2594 ἐπίθεσις
873 2534 1099 2600 κληῖδος
1132 2549 1234 2600 pro
1272 2530 1442 2585 titulo
1479 2532 1515 2585 i.
1554 2550 1625 2586 m.
1666 2549 1785 2600 sup.
1826 2530 1885 2584 M
1966 2529 2068 2600 μὲν
2107 2529 2214 2584 del.
2253 2531 2335 2583 B⁸

375 2601 724 2672 καθέστηκεν
753 2603 827 2668 Μ,
866 2604 996 2672 post
1032 2601 1272 2656 alterum
1302 2622 1327 2656 ε
1354 2602 1459 2657 Ιοο.
1488 2608 1596 2657 raa.
1626 2603 1688 2656 in
1715 2602 1766 2656 V
1874 2608 1906 2655 2
1945 2603 2079 2656 ante
2114 2622 2235 2670 κηρ.
2266 2603 2409 2656 add.

370 2675 469 2728 καὶ
487 2674 634 2728 Erm.
757 2679 806 2727 2.
833 2680 863 2726 3
893 2674 1024 2743 post
1051 2673 1142 2727 ὅθ.
1163 2672 1320 2728 locus
1347 2690 1531 2741 rasus;
1562 2673 1948 2742 dittographia
1977 2673 2247 2742 scriptum
2277 2677 2412 2728 erat

372 2749 715 2814 μαλθακοῖσι
743 2744 803 2797 Μ
910 2749 941 2797 3
972 2747 1147 2814 μαλ(θ
1165 2744 1434 2814 Μ)ακοῖσι
1461 2762 1563 2814 pro
1592 2765 1753 2814 μακρ.
1784 2744 1904 2798 MV
2012 2750 2061 2798 3.
2084 2750 2118 2797 4
2144 2761 2406 2815 προσιητ.

370 2819 546 2871 -ὃεῖ
571 2815 970 2871 om.BMErm.
1075 2823 1108 2870 4
1137 2817 1398 2883 προσξυν.
1421 2816 1581 2870 codd.
1686 2821 1717 2869 ὁ
1744 2813 2122 2887 χωρίσματιῖἶ
2188 2813 2407 2870 πλείστ.

371 2904 478 2940 om.
517 2886 570 2941 V
715 2894 746 2941 6
782 2895 926 2941 τοῖσι
963 2886 1023 2939 Μ
1167 2893 1195 2941 7
1237 2888 1370 2942 ansse
1405 2886 1541 2951 πιέζ.
1582 2886 1710 2940 add.
1741 2887 1845 2959 χρὴ
1884 2886 2004 2940 MV
2147 2890 2180 2938 8
2218 2885 2405 2959 μολίβ.

370 2992 421 3044 V
491 2997 901 3060 προσκαταὸεῑν
947 2994 993 3046 Β
1155 2999 1186 3046 9
1235 2979 1665 3063 καταναγκάζήν
1701 2994 1799 3058 13¹,
1852 3013 1886 3046 ν
1926 3010 1994 3046 se.
2034 2992 2133 3059 B⁸‚
2188 2996 2278 3062 -ζη
2322 2994 2405 3060 Μ,

369 3083 404 3130 η
442 3063 504 3115 in
537 3079 664 3117 raso
701 3063 738 3118 1.
778 3080 813 3118 a
848 3082 920 3117 m.
962 3070 1024 3130 2,
1071 3067 1210 3129 -ζειν
1248 3065 1301 3119 V
1372 3065 1486 3129 ξυν.
1525 3063 1646 3119 MV
1789 3069 1854 3117 10
1894 3061 2022 3119 οὐδ’
2063 3063 2122 3117 Μ
2155 3065 2408 3133 utroque

369 3132 494 3187 loco
658 3141 721 3189 11
773 3135 903 3190 οὐδὲ
949 3151 1051 3204 pro
1098 3136 1165 3189 οὐ
1204 3135 1256 3189 V
1417 3142 1483 3189 12
1530 3138 1662 3189 ante
1708 3135 1792 3200 ἅξ.
1833 3134 1962 3189 add.
2000 3136 2099 3189 καὶ
2133 3134 2257 3189 MV

372 3210 440 3257 14
476 3203 584 3259 εἰσι
620 3205 739 3259 MV
885 3212 948 3259 15
987 3206 1470 3275 καταναγκάζουσι
1507 3206 1627 3259 MV
1772 3212 1837 3260 16
1878 3223 2047 3275 supra·
2083 3205 2183 3275 μὲν
2222 3223 2295 3259 ss.
2341 3206 2410 3262 δὲ

368 3274 444 3326 13³
513 3276 646 3342 post
681 3279 799 3328 σπλ.
846 3276 1018 3330 iterat
1053 3277 1152 3346 μὲν
1188 3278 1234 3329 Β
1311 3274 1569 3340 ὀθονίοις
1604 3276 1656 3330 V
1726 3278 1922 3348 χρεώμ.
1963 3277 2185 3347 scripsi,
2224 3279 2406 3348 χρώμ.

372 3344 533 3398 codd.
682 3351 745 3397 17
785 3348 881 3400 καὶ
917 3364 1023 3401 om.
1063 3347 1152 3412 B1,
1191 3365 1259 3400 se.
1300 3348 1375 3399 Β8
1518 3353 1585 3400 18
1623 3347 1771 3401 ἐστιν
1802 3348 1924 3401 MV
1996 3348 2238 3402 ἐπυθῶσι
2274 3349 2406 3403 MV

376 3484 380 3488 ι
477 3422 578 3467 τοῦ
625 3414 1080 3489 κατήγμ.-ἐξέχ.
1121 3434 1226 3471 om.
1267 3417 1351 3485 M,
1389 3417 1424 3471 i.
1463 3437 1535 3471 m.
1576 3418 1754 3472 adeor.
1794 3417 1916 3474 ead.
1950 3420 2016 3489 (5³)
2052 3435 2253 3472 manus

374 3489 441 3536 20
489 3484 620 3537 ante
659 3482 831 3552 ἐξογκ.
872 3503 940 3539 εει.
980 3489 1076 3541 καὶ
1110 3488 1186 3539 Β3
1257 3507 1447 3542 επειτα
1483 3505 1585 3558 pro
1624 3490 1717 3544 ἐπὶ
1751 3490 1822 3543 τὰ
1859 3489 1904 3541 Β
1979 3488 2114 3561 ἐξέχ.
2154 3505 2262 3543 om.
2304 3490 2403 3557 B1,

374 3571 443 3606 ss,
482 3569 630 3606 man.
668 3557 872 3621 poster.
2285 3600 2290 3604 .
