<?xml version="1.0" encoding="UTF-8"?>
<!DOCTYPE html PUBLIC "-//W3C//DTD XHTML 1.0 Transitional//EN"
    "http://www.w3.org/TR/xhtml1/DTD/xhtml1-transitional.dtd">
<html xmlns="http://www.w3.org/1999/xhtml" xml:lang="en" lang="en">
 <head>
  <title>
</title>
<meta http-equiv="Content-Type" content="text/html;charset=utf-8" />
  <meta name='ocr-system' content='tesseract 3.04.00' />
  <meta name='ocr-capabilities' content='ocr_page ocr_carea ocr_par ocr_line ocrx_word'/>
</head>
<body>
  <div class='ocr_page' id='page_1' title='image "./operaqvaefervnt00ilbegoog_0196.png"; bbox 0 0 2588 3876; ppageno 0'>
   <div class='ocr_carea' id='block_1_1' title="bbox 420 122 1952 189">
    <p class='ocr_par' dir='ltr' id='par_1_1' title="bbox 420 122 1952 189">
     <span class='ocr_line' id='line_1_1' title="bbox 420 122 1952 189; baseline 0.003 -13"><span class='ocrx_word' id='word_1_1' title='bbox 420 124 548 189; x_wconf 79' lang='lat'><strong><em>160</em></strong></span> <span class='ocrx_word' id='word_1_2' title='bbox 921 126 1098 175; x_wconf 75' lang='grc' dir='ltr'>ΠΕΡΙ</span> <span class='ocrx_word' id='word_1_3' title='bbox 1131 122 1424 177; x_wconf 60' lang='lat' dir='ltr'><strong><em>mmm·</em></strong></span> <span class='ocrx_word' id='word_1_4' title='bbox 1459 123 1819 175; x_wconf 71' lang='lat' dir='ltr'><strong><em>mom</em></strong></span> <span class='ocrx_word' id='word_1_5' title='bbox 1857 124 1952 180; x_wconf 68' lang='lat'><strong><em>38,</em></strong></span> 
     </span>
    </p>
   </div>
   <div class='ocr_carea' id='block_1_2' title="bbox 407 279 2416 692">
    <p class='ocr_par' dir='ltr' id='par_1_2' title="bbox 407 279 2416 692">
     <span class='ocr_line' id='line_1_2' title="bbox 407 279 2415 374; baseline -0.001 -21"><span class='ocrx_word' id='word_1_6' title='bbox 407 289 622 374; x_wconf 76' lang='grc' dir='ltr'><strong><em>ἄκρην</em></strong></span> <span class='ocrx_word' id='word_1_7' title='bbox 674 285 1207 372; x_wconf 76' lang='grc' dir='ltr'><strong><em>παρεστράφθαι.</em></strong></span> <span class='ocrx_word' id='word_1_8' title='bbox 1297 286 1421 371; x_wconf 80' lang='grc' dir='ltr'><strong><em>χρὴ</em></strong></span> <span class='ocrx_word' id='word_1_9' title='bbox 1481 279 1607 349; x_wconf 85' lang='grc' dir='ltr'><strong><em>οὖν</em></strong></span> <span class='ocrx_word' id='word_1_10' title='bbox 1669 292 1844 350; x_wconf 89' lang='grc' dir='ltr'><strong><em>τοῖσι</em></strong></span> <span class='ocrx_word' id='word_1_11' title='bbox 1902 284 2306 350; x_wconf 81' lang='grc' dir='ltr'><strong><em>τοιούτοισιν</em></strong></span> <span class='ocrx_word' id='word_1_12' title='bbox 2358 284 2415 361; x_wconf 81' lang='grc' dir='ltr'><strong><em>ἐς</em></strong></span> 
     </span>
     <span class='ocr_line' id='line_1_3' title="bbox 410 389 2414 479; baseline -0.001 -20"><span class='ocrx_word' id='word_1_13' title='bbox 410 396 531 462; x_wconf 89' lang='grc' dir='ltr'><strong><em>τὸν</em></strong></span> <span class='ocrx_word' id='word_1_14' title='bbox 573 403 874 479; x_wconf 76' lang='grc' dir='ltr'><strong><em>μυκτῆρα</em></strong></span> <span class='ocrx_word' id='word_1_15' title='bbox 927 395 1137 478; x_wconf 77' lang='grc' dir='ltr'><strong><em>ἄκρον</em></strong></span> <span class='ocrx_word' id='word_1_16' title='bbox 1193 391 1542 478; x_wconf 82' lang='grc' dir='ltr'><strong><em>διόρθωμᾶ</em></strong></span> <span class='ocrx_word' id='word_1_17' title='bbox 1594 414 1658 455; x_wconf 92' lang='grc' dir='ltr'><strong><em>τι</em></strong></span> <span class='ocrx_word' id='word_1_18' title='bbox 1713 402 1849 457; x_wconf 77' lang='grc' dir='ltr'><strong><em>τῶν</em></strong></span> <span class='ocrx_word' id='word_1_19' title='bbox 1903 389 2267 478; x_wconf 76' lang='grc' dir='ltr'><strong><em>εἰρημένων</em></strong></span> <span class='ocrx_word' id='word_1_20' title='bbox 2307 391 2345 476; x_wconf 82' lang='grc' dir='ltr'><strong><em>ἢ</em></strong></span> <span class='ocrx_word' id='word_1_21' title='bbox 2382 392 2414 456; x_wconf 82' lang='grc' dir='ltr'>ὅ</span> 
     </span>
     <span class='ocr_line' id='line_1_4' title="bbox 411 495 2416 585; baseline -0.001 -19"><span class='ocrx_word' id='word_1_22' title='bbox 411 525 475 567; x_wconf 89' lang='grc' dir='ltr'><strong><em>τι</em></strong></span> <span class='ocrx_word' id='word_1_23' title='bbox 522 501 861 567; x_wconf 80' lang='grc' dir='ltr'><strong><em>τούτοισιν</em></strong></span> <span class='ocrx_word' id='word_1_24' title='bbox 906 501 1122 568; x_wconf 82' lang='grc' dir='ltr'><strong><em>ἔοικεν</em></strong></span> <span class='ocrx_word' id='word_1_25' title='bbox 1166 495 1525 565; x_wconf 73' lang='grc' dir='ltr'><strong><em>ἐντιθέναι.</em></strong></span> <span class='ocrx_word' id='word_1_26' title='bbox 1613 500 1827 564; x_wconf 74' lang='grc' dir='ltr'><strong><em>πολλὰ</em></strong></span> <span class='ocrx_word' id='word_1_27' title='bbox 1873 495 1930 563; x_wconf 86' lang='grc' dir='ltr'><strong><em>δ’</em></strong></span> <span class='ocrx_word' id='word_1_28' title='bbox 1977 499 2066 563; x_wconf 77' lang='grc' dir='ltr'><strong><em>ἄν</em></strong></span> <span class='ocrx_word' id='word_1_29' title='bbox 2107 521 2207 575; x_wconf 79' lang='grc' dir='ltr'><strong><em>τις</em></strong></span> <span class='ocrx_word' id='word_1_30' title='bbox 2250 499 2416 585; x_wconf 76' lang='grc' dir='ltr'><strong><em>εὕροι</em></strong></span> 
     </span>
     <span class='ocr_line' id='line_1_5' title="bbox 410 603 2414 692; baseline -0.001 -20"><span class='ocrx_word' id='word_1_31' title='bbox 410 609 493 672; x_wconf 78' lang='grc' dir='ltr'><strong><em>τὰ</em></strong></span> <span class='ocrx_word' id='word_1_32' title='bbox 537 606 901 691; x_wconf 77' lang='grc' dir='ltr'><strong><em>ἐπιτήδεια,</em></strong></span> <span class='ocrx_word' id='word_1_33' title='bbox 949 606 1072 671; x_wconf 80' lang='grc' dir='ltr'><strong><em>ὅσα</em></strong></span> <span class='ocrx_word' id='word_1_34' title='bbox 1112 609 1276 691; x_wconf 78' lang='grc' dir='ltr'><strong><em>’μήτε</em></strong></span> <span class='ocrx_word' id='word_1_35' title='bbox 1323 605 1536 690; x_wconf 82' lang='grc' dir='ltr'><strong><em>ὀδμὴν</em></strong></span> <span class='ocrx_word' id='word_1_36' title='bbox 1572 606 1705 690; x_wconf 80' lang='grc' dir='ltr'><strong><em>ἔχει</em></strong></span> <span class='ocrx_word' id='word_1_37' title='bbox 1742 606 1955 681; x_wconf 78' lang='grc' dir='ltr'><strong><em>ἄλλως</em></strong></span> <span class='ocrx_word' id='word_1_38' title='bbox 1990 628 2062 670; x_wconf 89' lang='grc' dir='ltr'><strong><em>τε</em></strong></span> <span class='ocrx_word' id='word_1_39' title='bbox 2098 603 2414 692; x_wconf 83' lang='grc' dir='ltr'><strong><em>προσηνέα</em></strong></span> 
     </span>
    </p>
   </div>
   <div class='ocr_carea' id='block_1_3' title="bbox 358 711 2528 798">
    <p class='ocr_par' dir='ltr' id='par_1_3' title="bbox 358 711 2528 798">
     <span class='ocr_line' id='line_1_6' title="bbox 358 711 2528 798; baseline -0.001 -19"><span class='ocrx_word' id='word_1_40' title='bbox 358 738 385 778; x_wconf 79' lang='lat'><strong>5</strong></span> <span class='ocrx_word' id='word_1_41' title='bbox 413 713 614 781; x_wconf 80' lang='grc' dir='ltr'><strong><em>ἐστίν.</em></strong></span> <span class='ocrx_word' id='word_1_42' title='bbox 728 711 941 798; x_wconf 77' lang='grc' dir='ltr'><strong><em>ἔγωγέ</em></strong></span> <span class='ocrx_word' id='word_1_43' title='bbox 1008 734 1167 782; x_wconf 88' lang='grc' dir='ltr'><strong><em>ποτε</em></strong></span> <span class='ocrx_word' id='word_1_44' title='bbox 1236 713 1610 795; x_wconf 79' lang='grc' dir='ltr'><strong><em>πλεύμονος</em></strong></span> <span class='ocrx_word' id='word_1_45' title='bbox 1678 711 2019 798; x_wconf 77' lang='grc' dir='ltr'><strong><em>προβάτου</em></strong></span> <span class='ocrx_word' id='word_1_46' title='bbox 2095 712 2418 796; x_wconf 82' lang='grc' dir='ltr'><strong><em>ἀπότμημα</em></strong></span> <span class='ocrx_word' id='word_1_47' title='bbox 2527 777 2528 784; x_wconf 64' lang='grc'>,</span> 
     </span>
    </p>
   </div>
   <div class='ocr_carea' id='block_1_4' title="bbox 412 817 2419 1116">
    <p class='ocr_par' dir='ltr' id='par_1_4' title="bbox 412 817 2419 1116">
     <span class='ocr_line' id='line_1_7' title="bbox 412 817 2419 906; baseline -0.002 -19"><span class='ocrx_word' id='word_1_48' title='bbox 412 819 727 906; x_wconf 75' lang='grc' dir='ltr'><strong><em>ἐνέθηκα·</em></strong></span> <span class='ocrx_word' id='word_1_49' title='bbox 791 829 989 886; x_wconf 85' lang='grc' dir='ltr'><strong><em>τοῦτο</em></strong></span> <span class='ocrx_word' id='word_1_50' title='bbox 1043 820 1171 906; x_wconf 79' lang='grc' dir='ltr'><strong><em>γάρ</em></strong></span> <span class='ocrx_word' id='word_1_51' title='bbox 1216 841 1358 897; x_wconf 81' lang='grc' dir='ltr'><strong><em>πως</em></strong></span> <span class='ocrx_word' id='word_1_52' title='bbox 1399 817 1783 905; x_wconf 77' lang='grc' dir='ltr'><strong><em>παρέτυχεν.</em></strong></span> <span class='ocrx_word' id='word_1_53' title='bbox 1873 820 1938 884; x_wconf 86' lang='grc' dir='ltr'><strong><em>οῑ</em></strong></span> <span class='ocrx_word' id='word_1_54' title='bbox 1984 819 2112 905; x_wconf 83' lang='grc' dir='ltr'><strong><em>γὰρ</em></strong></span> <span class='ocrx_word' id='word_1_55' title='bbox 2161 822 2419 904; x_wconf 78' lang='grc' dir='ltr'><strong><em>σπόγγοι</em></strong></span> 
     </span>
     <span class='ocr_line' id='line_1_8' title="bbox 413 922 2417 1013; baseline -0 -19"><span class='ocrx_word' id='word_1_56' title='bbox 413 926 830 1012; x_wconf 73' lang='grc' dir='ltr'><strong><em>ἐπιθέμενοι</em></strong></span> <span class='ocrx_word' id='word_1_57' title='bbox 883 928 1271 1013; x_wconf 75' lang='grc' dir='ltr'><strong><em>ὑγροὶσματα</em></strong></span> <span class='ocrx_word' id='word_1_58' title='bbox 1326 924 1630 1011; x_wconf 80' lang='grc' dir='ltr'><strong><em>δέχονται</em></strong></span> <span class='ocrx_word' id='word_1_59' title='bbox 1646 944 1662 961; x_wconf 84' lang='grc'><em>·</em></span> <span class='ocrx_word' id='word_1_60' title='bbox 1720 922 1944 991; x_wconf 81' lang='grc' dir='ltr'><strong><em>ἔπειτα</em></strong></span> <span class='ocrx_word' id='word_1_61' title='bbox 1996 927 2120 1012; x_wconf 81' lang='grc' dir='ltr'><strong><em>χρὴ</em></strong></span> <span class='ocrx_word' id='word_1_62' title='bbox 2178 930 2417 1013; x_wconf 84' lang='grc' dir='ltr'><strong><em>Καρχη-</em></strong></span> 
     </span>
     <span class='ocr_line' id='line_1_9' title="bbox 412 1031 2416 1116; baseline 0 -17"><span class='ocrx_word' id='word_1_63' title='bbox 412 1036 648 1100; x_wconf 81' lang='grc' dir='ltr'><strong><em>δονίου</em></strong></span> <span class='ocrx_word' id='word_1_64' title='bbox 696 1035 908 1100; x_wconf 81' lang='grc' dir='ltr'><strong><em>λοπὸν</em></strong></span> <span class='ocrx_word' id='word_1_65' title='bbox 949 1033 1195 1110; x_wconf 79' lang='grc' dir='ltr'><strong><em>πλάτος</em></strong></span> <span class='ocrx_word' id='word_1_66' title='bbox 1229 1033 1320 1110; x_wconf 80' lang='grc' dir='ltr'><strong><em>ὡς</em></strong></span> <span class='ocrx_word' id='word_1_67' title='bbox 1356 1040 1476 1098; x_wconf 81' lang='grc' dir='ltr'><strong><em>τοῦ</em></strong></span> <span class='ocrx_word' id='word_1_68' title='bbox 1512 1031 1804 1116; x_wconf 73' lang='grc' dir='ltr'><strong><em>μεγάλου</em></strong></span> <span class='ocrx_word' id='word_1_69' title='bbox 1841 1033 2178 1099; x_wconf 79' lang='grc' dir='ltr'><strong><em>δακτύλου</em></strong></span> <span class='ocrx_word' id='word_1_70' title='bbox 2215 1055 2416 1116; x_wconf 85' lang='grc' dir='ltr'><strong><em>τετμη-</em></strong></span> 
     </span>
    </p>
   </div>
   <div class='ocr_carea' id='block_1_5' title="bbox 307 1136 2417 1226">
    <p class='ocr_par' dir='ltr' id='par_1_5' title="bbox 307 1136 2417 1226">
     <span class='ocr_line' id='line_1_10' title="bbox 307 1136 2417 1226; baseline -0.001 -20"><span class='ocrx_word' id='word_1_71' title='bbox 307 1163 314 1186; x_wconf 73' lang='lat'><em>³</em></span> <span class='ocrx_word' id='word_1_72' title='bbox 390 1139 619 1224; x_wconf 85' lang='grc' dir='ltr'><strong><em>’μένον</em></strong></span> <span class='ocrx_word' id='word_1_73' title='bbox 654 1142 695 1226; x_wconf 75' lang='grc' dir='ltr'><em>ἢ</em></span> <span class='ocrx_word' id='word_1_74' title='bbox 733 1142 910 1218; x_wconf 80' lang='grc' dir='ltr'><strong><em>ὅπως</em></strong></span> <span class='ocrx_word' id='word_1_75' title='bbox 946 1139 1031 1205; x_wconf 76' lang='grc' dir='ltr'><strong><em>ἂν</em></strong></span> <span class='ocrx_word' id='word_1_76' title='bbox 1059 1137 1365 1226; x_wconf 68' lang='grc' dir='ltr'><strong><em>συμφέρῃ</em></strong></span> <span class='ocrx_word' id='word_1_77' title='bbox 1402 1144 1894 1225; x_wconf 70' lang='grc' dir='ltr'><strong><em>προσκολλῆσαι</em></strong></span> <span class='ocrx_word' id='word_1_78' title='bbox 1919 1136 1989 1216; x_wconf 74' lang='grc' dir='ltr'><strong><em>ἐς</em></strong></span> <span class='ocrx_word' id='word_1_79' title='bbox 2014 1140 2089 1204; x_wconf 91' lang='grc' dir='ltr'><strong><em>τὸ</em></strong></span> <span class='ocrx_word' id='word_1_80' title='bbox 2118 1142 2417 1206; x_wconf 81' lang='grc' dir='ltr'><strong><em>ἔκτοσθεν</em></strong></span> 
     </span>
    </p>
   </div>
   <div class='ocr_carea' id='block_1_6' title="bbox 312 1245 2427 2292">
    <p class='ocr_par' dir='ltr' id='par_1_6' title="bbox 312 1245 2427 2292">
     <span class='ocr_line' id='line_1_11' title="bbox 332 1245 2421 1335; baseline -0.001 -22"><span class='ocrx_word' id='word_1_81' title='bbox 332 1271 393 1313; x_wconf 74' lang='lat'><strong><em>-10</em></strong></span> <span class='ocrx_word' id='word_1_82' title='bbox 419 1250 585 1335; x_wconf 78' lang='grc' dir='ltr'><strong><em>πρὸς</em></strong></span> <span class='ocrx_word' id='word_1_83' title='bbox 618 1249 739 1313; x_wconf 91' lang='grc' dir='ltr'><strong><em>τὸν</em></strong></span> <span class='ocrx_word' id='word_1_84' title='bbox 774 1256 1075 1333; x_wconf 78' lang='grc' dir='ltr'><strong><em>μυκτῆρα</em></strong></span> <span class='ocrx_word' id='word_1_85' title='bbox 1110 1247 1230 1311; x_wconf 91' lang='grc' dir='ltr'><strong><em>τὸν</em></strong></span> <span class='ocrx_word' id='word_1_86' title='bbox 1265 1245 1760 1331; x_wconf 61' lang='grc' dir='ltr'><strong><em>ἐγκεκλιμένον·</em></strong></span> <span class='ocrx_word' id='word_1_87' title='bbox 1808 1249 2032 1311; x_wconf 82' lang='grc' dir='ltr'><strong><em>ἔπειτα</em></strong></span> <span class='ocrx_word' id='word_1_88' title='bbox 2066 1256 2421 1312; x_wconf 76' lang='grc' dir='ltr'><strong><em>κατατεῖναι</em></strong></span> 
     </span>
     <span class='ocr_line' id='line_1_12' title="bbox 312 1350 2420 1442; baseline -0.001 -22"><span class='ocrx_word' id='word_1_89' title='bbox 312 1369 417 1420; x_wconf 81' lang='grc'><strong><em>170</em></strong></span> <span class='ocrx_word' id='word_1_90' title='bbox 435 1357 554 1421; x_wconf 86' lang='grc' dir='ltr'><strong><em>τὸν</em></strong></span> <span class='ocrx_word' id='word_1_91' title='bbox 592 1353 832 1439; x_wconf 76' lang='grc' dir='ltr'><strong><em>ἱμάντα</em></strong></span> <span class='ocrx_word' id='word_1_92' title='bbox 878 1353 1054 1430; x_wconf 78' lang='grc' dir='ltr'><strong><em>ὅπως</em></strong></span> <span class='ocrx_word' id='word_1_93' title='bbox 1100 1351 1185 1418; x_wconf 76' lang='grc' dir='ltr'><strong><em>ἂν</em></strong></span> <span class='ocrx_word' id='word_1_94' title='bbox 1230 1350 1553 1440; x_wconf 78' lang='grc' dir='ltr'><strong><em>συμφέρῃ.</em></strong></span> <span class='ocrx_word' id='word_1_95' title='bbox 1596 1352 1605 1437; x_wconf 89' lang='grc' dir='ltr'>Ι</span> <span class='ocrx_word' id='word_1_96' title='bbox 1645 1356 1899 1436; x_wconf 82' lang='grc' dir='ltr'><strong><em>μᾶλλον</em></strong></span> <span class='ocrx_word' id='word_1_97' title='bbox 1945 1353 2019 1418; x_wconf 76' lang='grc' dir='ltr'><strong><em>δὲ</em></strong></span> <span class='ocrx_word' id='word_1_98' title='bbox 2067 1352 2269 1442; x_wconf 74' lang='grc' dir='ltr'><strong><em>ὀλίγῳ</em></strong></span> <span class='ocrx_word' id='word_1_99' title='bbox 2311 1355 2420 1417; x_wconf 79' lang='grc' dir='ltr'><strong><em>τεί-</em></strong></span> 
     </span>
     <span class='ocr_line' id='line_1_13' title="bbox 414 1455 2418 1548; baseline -0.002 -21"><span class='ocrx_word' id='word_1_100' title='bbox 414 1485 562 1527; x_wconf 84' lang='grc' dir='ltr'><strong><em>νειν</em></strong></span> <span class='ocrx_word' id='word_1_101' title='bbox 596 1463 752 1548; x_wconf 82' lang='grc' dir='ltr'><strong><em>χρή,</em></strong></span> <span class='ocrx_word' id='word_1_102' title='bbox 789 1461 830 1545; x_wconf 78' lang='grc' dir='ltr'>ἢ</span> <span class='ocrx_word' id='word_1_103' title='bbox 869 1460 1036 1525; x_wconf 79' lang='grc' dir='ltr'><strong><em>ὥστε</em></strong></span> <span class='ocrx_word' id='word_1_104' title='bbox 1074 1460 1294 1546; x_wconf 86' lang='grc' dir='ltr'><strong><em>ὀρθὴν</em></strong></span> <span class='ocrx_word' id='word_1_105' title='bbox 1331 1457 1442 1525; x_wconf 86' lang='grc' dir='ltr'><strong><em>καὶ</em></strong></span> <span class='ocrx_word' id='word_1_106' title='bbox 1478 1459 1860 1545; x_wconf 79' lang='grc' dir='ltr'><strong><em>ἀπαρτητὴν</em></strong></span> <span class='ocrx_word' id='word_1_107' title='bbox 1896 1460 2018 1544; x_wconf 86' lang='grc' dir='ltr'><strong><em>τὴν</em></strong></span> <span class='ocrx_word' id='word_1_108' title='bbox 2054 1460 2215 1547; x_wconf 76' lang='grc' dir='ltr'><strong><em>ῥῖνα</em></strong></span> <span class='ocrx_word' id='word_1_109' title='bbox 2249 1455 2418 1525; x_wconf 78' lang='grc' dir='ltr'><strong><em>εἶναι.</em></strong></span> 
     </span>
     <span class='ocr_line' id='line_1_14' title="bbox 415 1563 2418 1654; baseline -0.002 -21"><span class='ocrx_word' id='word_1_110' title='bbox 415 1571 638 1634; x_wconf 86' lang='grc' dir='ltr'><strong><em>ἔπειτα</em></strong></span> <span class='ocrx_word' id='word_1_111' title='bbox 665 1605 750 1618; x_wconf 84' lang='lat'><strong><em>--</em></strong></span> <span class='ocrx_word' id='word_1_112' title='bbox 778 1568 1025 1654; x_wconf 79' lang='grc' dir='ltr'><strong><em>μακρὸς</em></strong></span> <span class='ocrx_word' id='word_1_113' title='bbox 1051 1563 1176 1652; x_wconf 74' lang='grc' dir='ltr'><strong><em>μὲν</em></strong></span> <span class='ocrx_word' id='word_1_114' title='bbox 1212 1568 1377 1632; x_wconf 77' lang='grc' dir='ltr'><strong><em>ἔστω</em></strong></span> <span class='ocrx_word' id='word_1_115' title='bbox 1417 1566 1454 1631; x_wconf 89' lang='grc' dir='ltr'>ὁ</span> <span class='ocrx_word' id='word_1_116' title='bbox 1484 1566 1635 1647; x_wconf 74' lang='grc' dir='ltr'><strong><em>ἱμάς</em></strong></span> <span class='ocrx_word' id='word_1_117' title='bbox 1663 1603 1745 1613; x_wconf 91' lang='lat'>—</span> <span class='ocrx_word' id='word_1_118' title='bbox 1775 1564 1846 1642; x_wconf 80' lang='grc' dir='ltr'><strong><em>ἐς</em></strong></span> <span class='ocrx_word' id='word_1_119' title='bbox 1869 1567 1951 1631; x_wconf 81' lang='grc' dir='ltr'><strong><em>τὰ</em></strong></span> <span class='ocrx_word' id='word_1_120' title='bbox 1978 1567 2286 1633; x_wconf 75' lang='grc' dir='ltr'><strong><em>κάτωθεν</em></strong></span> <span class='ocrx_word' id='word_1_121' title='bbox 2317 1573 2418 1631; x_wconf 85' lang='grc' dir='ltr'><strong><em>τοῦ</em></strong></span> 
     </span>
     <span class='ocr_line' id='line_1_15' title="bbox 416 1659 2421 1760; baseline -0.002 -19"><span class='ocrx_word' id='word_1_122' title='bbox 416 1675 582 1752; x_wconf 83' lang='grc' dir='ltr'><strong><em>ὠτὸς</em></strong></span> <span class='ocrx_word' id='word_1_123' title='bbox 639 1659 977 1760; x_wconf 73' lang='grc' dir='ltr'><strong><em>ἀγαγόντα</em></strong></span> <span class='ocrx_word' id='word_1_124' title='bbox 1035 1673 1242 1738; x_wconf 83' lang='grc' dir='ltr'><strong><em>αὐτὸν</em></strong></span> <span class='ocrx_word' id='word_1_125' title='bbox 1302 1671 1662 1755; x_wconf 82' lang='grc' dir='ltr'><strong><em>ἀναγαγεῖν</em></strong></span> <span class='ocrx_word' id='word_1_126' title='bbox 1724 1674 1878 1758; x_wconf 84' lang='grc' dir='ltr'><strong><em>περὶ</em></strong></span> <span class='ocrx_word' id='word_1_127' title='bbox 1937 1674 2060 1757; x_wconf 84' lang='grc' dir='ltr'><strong><em>τὴν</em></strong></span> <span class='ocrx_word' id='word_1_128' title='bbox 2118 1675 2421 1757; x_wconf 80' lang='grc' dir='ltr'><strong><em>κεφαλήν·</em></strong></span> 
     </span>
     <span class='ocr_line' id='line_1_16' title="bbox 335 1776 2423 1864; baseline -0.002 -18"><span class='ocrx_word' id='word_1_129' title='bbox 335 1804 387 1846; x_wconf 76' lang='lat'><strong><em>15</em></strong></span> <span class='ocrx_word' id='word_1_130' title='bbox 414 1781 526 1848; x_wconf 86' lang='grc' dir='ltr'><strong><em>καὶ</em></strong></span> <span class='ocrx_word' id='word_1_131' title='bbox 590 1780 799 1861; x_wconf 83' lang='grc' dir='ltr'><strong><em>ἔξεστι</em></strong></span> <span class='ocrx_word' id='word_1_132' title='bbox 863 1777 986 1864; x_wconf 74' lang='grc' dir='ltr'><strong><em>μὲν</em></strong></span> <span class='ocrx_word' id='word_1_133' title='bbox 1047 1781 1211 1846; x_wconf 81' lang='grc' dir='ltr'><strong><em>κατὰ</em></strong></span> <span class='ocrx_word' id='word_1_134' title='bbox 1274 1779 1350 1844; x_wconf 89' lang='grc' dir='ltr'><strong><em>τὸ</em></strong></span> <span class='ocrx_word' id='word_1_135' title='bbox 1405 1776 1710 1860; x_wconf 90' lang='grc' dir='ltr'><strong><em>μέτωπον</em></strong></span> <span class='ocrx_word' id='word_1_136' title='bbox 1771 1783 2263 1864; x_wconf 78' lang='grc' dir='ltr'><strong><em>προσκολλῆσαι</em></strong></span> <span class='ocrx_word' id='word_1_137' title='bbox 2318 1780 2423 1862; x_wconf 82' lang='grc' dir='ltr'><strong><em>τὴν</em></strong></span> 
     </span>
     <span class='ocr_line' id='line_1_17' title="bbox 414 1883 2426 1974; baseline -0.002 -19"><span class='ocrx_word' id='word_1_138' title='bbox 414 1889 731 1974; x_wconf 78' lang='grc' dir='ltr'><strong><em>τελευτὴν</em></strong></span> <span class='ocrx_word' id='word_1_139' title='bbox 774 1896 895 1954; x_wconf 86' lang='grc' dir='ltr'><strong><em>τοῦ</em></strong></span> <span class='ocrx_word' id='word_1_140' title='bbox 945 1886 1243 1972; x_wconf 76' lang='grc' dir='ltr'><strong><em>ῑμάντος,</em></strong></span> <span class='ocrx_word' id='word_1_141' title='bbox 1306 1883 1516 1964; x_wconf 82' lang='grc' dir='ltr'><strong><em>ἔξεστι</em></strong></span> <span class='ocrx_word' id='word_1_142' title='bbox 1569 1885 1645 1951; x_wconf 80' lang='grc' dir='ltr'><strong><em>δὲ</em></strong></span> <span class='ocrx_word' id='word_1_143' title='bbox 1690 1885 1801 1952; x_wconf 77' lang='grc' dir='ltr'><strong><em>καὶ</em></strong></span> <span class='ocrx_word' id='word_1_144' title='bbox 1853 1888 2263 1973; x_wconf 87' lang='grc' dir='ltr'><strong><em>μακρότερον</em></strong></span> <span class='ocrx_word' id='word_1_145' title='bbox 2305 1884 2426 1952; x_wconf 78' lang='grc' dir='ltr'><strong><em>ἐπι-</em></strong></span> 
     </span>
     <span class='ocr_line' id='line_1_18' title="bbox 418 1992 2426 2083; baseline -0.003 -21"><span class='ocrx_word' id='word_1_146' title='bbox 418 1998 926 2083; x_wconf 80' lang='grc' dir='ltr'><strong><em>περιελίσσοντα</em></strong></span> <span class='ocrx_word' id='word_1_147' title='bbox 969 1992 1122 2080; x_wconf 87' lang='grc' dir='ltr'><strong><em>περὶ</em></strong></span> <span class='ocrx_word' id='word_1_148' title='bbox 1166 1995 1289 2077; x_wconf 84' lang='grc' dir='ltr'><strong><em>τὴν</em></strong></span> <span class='ocrx_word' id='word_1_149' title='bbox 1334 1993 1631 2077; x_wconf 80' lang='grc' dir='ltr'><strong><em>κεφαλὴν</em></strong></span> <span class='ocrx_word' id='word_1_150' title='bbox 1675 1994 2006 2061; x_wconf 79' lang='grc' dir='ltr'><strong><em>καταδεῖν.</em></strong></span> <span class='ocrx_word' id='word_1_151' title='bbox 2078 2002 2276 2059; x_wconf 87' lang='grc' dir='ltr'><strong><em>τοῦτο</em></strong></span> <span class='ocrx_word' id='word_1_152' title='bbox 2312 1994 2426 2074; x_wconf 77' lang='grc' dir='ltr'><strong><em>ἅμα</em></strong></span> 
     </span>
     <span class='ocr_line' id='line_1_19' title="bbox 418 2096 2427 2186; baseline -0.003 -17"><span class='ocrx_word' id='word_1_153' title='bbox 418 2103 543 2184; x_wconf 79' lang='grc' dir='ltr'><strong><em>μὲν</em></strong></span> <span class='ocrx_word' id='word_1_154' title='bbox 588 2103 855 2184; x_wconf 80' lang='grc' dir='ltr'><strong><em>δικαίην</em></strong></span> <span class='ocrx_word' id='word_1_155' title='bbox 898 2101 1022 2184; x_wconf 84' lang='grc' dir='ltr'><strong><em>τὴν</em></strong></span> <span class='ocrx_word' id='word_1_156' title='bbox 1068 2101 1444 2186; x_wconf 74' lang='grc' dir='ltr'><strong><em>διόρθωσιν</em></strong></span> <span class='ocrx_word' id='word_1_157' title='bbox 1488 2102 1650 2184; x_wconf 80' lang='grc' dir='ltr'><strong><em>ἔχει,</em></strong></span> <span class='ocrx_word' id='word_1_158' title='bbox 1706 2101 1838 2182; x_wconf 77' lang='grc' dir='ltr'><strong><em>ἅμα</em></strong></span> <span class='ocrx_word' id='word_1_159' title='bbox 1894 2096 1969 2164; x_wconf 74' lang='grc' dir='ltr'><strong><em>δὲ</em></strong></span> <span class='ocrx_word' id='word_1_160' title='bbox 2014 2100 2427 2183; x_wconf 82' lang='grc' dir='ltr'><strong><em>εὐταμίευτον</em></strong></span> 
     </span>
     <span class='ocr_line' id='line_1_20' title="bbox 418 2201 2426 2292; baseline -0.002 -19"><span class='ocrx_word' id='word_1_161' title='bbox 418 2206 529 2274; x_wconf 86' lang='grc' dir='ltr'><strong><em>καὶ</em></strong></span> <span class='ocrx_word' id='word_1_162' title='bbox 555 2212 809 2291; x_wconf 80' lang='grc' dir='ltr'><strong><em>μᾶλλον</em></strong></span> <span class='ocrx_word' id='word_1_163' title='bbox 835 2207 920 2292; x_wconf 76' lang='grc' dir='ltr'><strong><em>ἢν</em></strong></span> <span class='ocrx_word' id='word_1_164' title='bbox 946 2205 1149 2292; x_wconf 77' lang='grc' dir='ltr'><strong><em>ἐθέλῃ</em></strong></span> <span class='ocrx_word' id='word_1_165' title='bbox 1185 2204 1299 2272; x_wconf 83' lang='grc' dir='ltr'><strong><em>καὶ</em></strong></span> <span class='ocrx_word' id='word_1_166' title='bbox 1333 2201 1546 2290; x_wconf 82' lang='grc' dir='ltr'><strong><em>ἧσσον</em></strong></span> <span class='ocrx_word' id='word_1_167' title='bbox 1572 2206 1697 2290; x_wconf 86' lang='grc' dir='ltr'><strong><em>τὴν</em></strong></span> <span class='ocrx_word' id='word_1_168' title='bbox 1723 2206 2133 2292; x_wconf 77' lang='grc' dir='ltr'><strong><em>ἀντιρροπὴν</em></strong></span> <span class='ocrx_word' id='word_1_169' title='bbox 2169 2215 2426 2290; x_wconf 84' lang='grc' dir='ltr'><strong><em>ποιῆσαι</em></strong></span> 
     </span>
    </p>
   </div>
   <div class='ocr_carea' id='block_1_7' title="bbox 343 2327 2427 2684">
    <p class='ocr_par' dir='ltr' id='par_1_7' title="bbox 343 2327 2427 2545">
     <span class='ocr_line' id='line_1_21' title="bbox 343 2327 2427 2394; baseline -0.003 -9"><span class='ocrx_word' id='word_1_170' title='bbox 343 2367 346 2371; x_wconf 80' lang='lat'><em>—</em></span> <span class='ocrx_word' id='word_1_171' title='bbox 562 2334 592 2385; x_wconf 89' lang='lat'>1</span> <span class='ocrx_word' id='word_1_172' title='bbox 632 2330 763 2384; x_wconf 71' lang='lat' dir='ltr'><strong>ante</strong></span> <span class='ocrx_word' id='word_1_173' title='bbox 799 2337 943 2384; x_wconf 88' lang='grc' dir='ltr'><strong><em>τοῖσι</em></strong></span> <span class='ocrx_word' id='word_1_174' title='bbox 979 2329 1107 2384; x_wconf 78' lang='lat' dir='ltr'><strong>add.</strong></span> <span class='ocrx_word' id='word_1_175' title='bbox 1144 2347 1245 2383; x_wconf 86' lang='grc' dir='ltr'><strong><em>τον</em></strong></span> <span class='ocrx_word' id='word_1_176' title='bbox 1273 2328 1365 2394; x_wconf 63' lang='grc' dir='ltr'><strong><em>Βῑ,</em></strong></span> <span class='ocrx_word' id='word_1_177' title='bbox 1401 2327 1539 2381; x_wconf 75' lang='lat' dir='ltr'><strong>mut.</strong></span> <span class='ocrx_word' id='word_1_178' title='bbox 1577 2327 1640 2380; x_wconf 87' lang='lat' dir='ltr'><strong><em>in</em></strong></span> <span class='ocrx_word' id='word_1_179' title='bbox 1672 2327 1933 2382; x_wconf 77' lang='grc' dir='ltr'><strong><em>τούτουσι</em></strong></span> <span class='ocrx_word' id='word_1_180' title='bbox 1958 2328 2034 2381; x_wconf 83' lang='lat' dir='ltr'><strong><em>B³</em></strong></span> <span class='ocrx_word' id='word_1_181' title='bbox 2140 2328 2427 2382; x_wconf 82' lang='grc' dir='ltr'><strong><em>τοιούτοισι</em></strong></span> 
     </span>
     <span class='ocr_line' id='line_1_22' title="bbox 417 2398 2358 2468; baseline -0.001 -13"><span class='ocrx_word' id='word_1_182' title='bbox 417 2401 521 2468; x_wconf 71' lang='lat' dir='ltr'><strong><em>Ml,</em></strong></span> <span class='ocrx_word' id='word_1_183' title='bbox 559 2422 592 2456; x_wconf 89' lang='grc' dir='ltr'><strong><em>ν</em></strong></span> <span class='ocrx_word' id='word_1_184' title='bbox 630 2401 759 2454; x_wconf 80' lang='lat' dir='ltr'><strong>add.</strong></span> <span class='ocrx_word' id='word_1_185' title='bbox 796 2400 883 2454; x_wconf 64' lang='grc' dir='ltr'><strong><em>Μ*</em></strong></span> <span class='ocrx_word' id='word_1_186' title='bbox 1026 2406 1058 2453; x_wconf 85' lang='lat'><strong>3</strong></span> <span class='ocrx_word' id='word_1_187' title='bbox 1096 2400 1342 2454; x_wconf 81' lang='grc' dir='ltr'><strong><em>τούτοισι</em></strong></span> <span class='ocrx_word' id='word_1_188' title='bbox 1378 2399 1480 2465; x_wconf 67' lang='grc' dir='ltr'><strong><em>ΜῙ,</em></strong></span> <span class='ocrx_word' id='word_1_189' title='bbox 1520 2419 1553 2453; x_wconf 89' lang='grc' dir='ltr'><strong><em>ν</em></strong></span> <span class='ocrx_word' id='word_1_190' title='bbox 1591 2399 1720 2452; x_wconf 81' lang='lat' dir='ltr'><strong>add.</strong></span> <span class='ocrx_word' id='word_1_191' title='bbox 1758 2398 1846 2451; x_wconf 61' lang='grc' dir='ltr'><strong><em>Μ’ι</em></strong></span> <span class='ocrx_word' id='word_1_192' title='bbox 1988 2405 2022 2452; x_wconf 87' lang='grc'>4</span> <span class='ocrx_word' id='word_1_193' title='bbox 2062 2398 2204 2468; x_wconf 86' lang='grc' dir='ltr'><strong><em>ὀδμὴ</em></strong></span> <span class='ocrx_word' id='word_1_194' title='bbox 2242 2398 2358 2453; x_wconf 91' lang='grc' dir='ltr'><strong><em>ΜΨ</em></strong></span> 
     </span>
     <span class='ocr_line' id='line_1_23' title="bbox 417 2468 2427 2545; baseline -0.003 -17"><span class='ocrx_word' id='word_1_195' title='bbox 417 2473 556 2545; x_wconf 75' lang='grc' dir='ltr'><strong><em>ἴσχει</em></strong></span> <span class='ocrx_word' id='word_1_196' title='bbox 592 2471 713 2527; x_wconf 90' lang='lat' dir='ltr'><strong><em>MV</em></strong></span> <span class='ocrx_word' id='word_1_197' title='bbox 819 2473 951 2527; x_wconf 69' lang='lat' dir='ltr'><strong><em>ante</em></strong></span> <span class='ocrx_word' id='word_1_198' title='bbox 988 2470 1163 2533; x_wconf 75' lang='grc' dir='ltr'><strong><em>ἄλλως</em></strong></span> <span class='ocrx_word' id='word_1_199' title='bbox 1199 2471 1327 2524; x_wconf 77' lang='lat' dir='ltr'><strong>add.</strong></span> <span class='ocrx_word' id='word_1_200' title='bbox 1366 2468 1500 2539; x_wconf 87' lang='grc' dir='ltr'><strong><em>μήτε</em></strong></span> <span class='ocrx_word' id='word_1_201' title='bbox 1536 2469 1763 2536; x_wconf 71' lang='grc' dir='ltr'>ΒῙΜΨ,</span> <span class='ocrx_word' id='word_1_202' title='bbox 1800 2470 2029 2538; x_wconf 70' lang='lat' dir='ltr'>punctis</span> <span class='ocrx_word' id='word_1_203' title='bbox 2068 2470 2335 2524; x_wconf 82' lang='lat' dir='ltr'>circumd.</span> <span class='ocrx_word' id='word_1_204' title='bbox 2364 2468 2427 2521; x_wconf 84' lang='lat' dir='ltr'><strong><em>B³</em></strong></span> 
     </span>
    </p>

    <p class='ocr_par' dir='ltr' id='par_1_8' title="bbox 486 2538 2427 2684">
     <span class='ocr_line' id='line_1_24' title="bbox 486 2538 2427 2614; baseline -0.003 -16"><span class='ocrx_word' id='word_1_205' title='bbox 486 2546 617 2614; x_wconf 73' lang='lat' dir='ltr'>post</span> <span class='ocrx_word' id='word_1_206' title='bbox 650 2563 710 2598; x_wconf 90' lang='grc' dir='ltr'><strong><em>τε</em></strong></span> <span class='ocrx_word' id='word_1_207' title='bbox 747 2560 816 2598; x_wconf 78' lang='lat' dir='ltr'><strong><em>ss,</em></strong></span> <span class='ocrx_word' id='word_1_208' title='bbox 847 2544 944 2597; x_wconf 77' lang='grc' dir='ltr'><strong><em>καὶ</em></strong></span> <span class='ocrx_word' id='word_1_209' title='bbox 970 2542 1046 2595; x_wconf 79' lang='lat' dir='ltr'><strong><em>B8</em></strong></span> <span class='ocrx_word' id='word_1_210' title='bbox 1153 2547 1184 2595; x_wconf 86' lang='lat'>5</span> <span class='ocrx_word' id='word_1_211' title='bbox 1223 2539 1338 2595; x_wconf 79' lang='grc' dir='ltr'><strong><em>ἐστί</em></strong></span> <span class='ocrx_word' id='word_1_212' title='bbox 1362 2540 1483 2595; x_wconf 90' lang='grc' dir='ltr'><strong><em>ΜΨ</em></strong></span> <span class='ocrx_word' id='word_1_213' title='bbox 1556 2541 1661 2611; x_wconf 79' lang='grc' dir='ltr'><strong><em>ἐγὼ</em></strong></span> <span class='ocrx_word' id='word_1_214' title='bbox 1690 2541 1754 2596; x_wconf 82' lang='grc' dir='ltr'><strong><em>δὲ</em></strong></span> <span class='ocrx_word' id='word_1_215' title='bbox 1781 2540 1827 2595; x_wconf 90' lang='grc' dir='ltr'>Β</span> <span class='ocrx_word' id='word_1_216' title='bbox 1857 2543 2017 2610; x_wconf 79' lang='lat' dir='ltr'><strong>(corr.</strong></span> <span class='ocrx_word' id='word_1_217' title='bbox 2050 2541 2173 2596; x_wconf 78' lang='lat' dir='ltr'><strong>ead..</strong></span> <span class='ocrx_word' id='word_1_218' title='bbox 2203 2543 2301 2610; x_wconf 88' lang='lat' dir='ltr'><strong><em>m.)</em></strong></span> <span class='ocrx_word' id='word_1_219' title='bbox 2321 2538 2427 2594; x_wconf 90' lang='lat' dir='ltr'><strong><em>MV</em></strong></span> 
     </span>
     <span class='ocr_line' id='line_1_25' title="bbox 560 2611 2425 2684; baseline -0.003 -14"><span class='ocrx_word' id='word_1_220' title='bbox 560 2623 592 2670; x_wconf 82' lang='lat'>6</span> <span class='ocrx_word' id='word_1_221' title='bbox 631 2614 880 2684; x_wconf 76' lang='grc' dir='ltr'><strong><em>ἐνέθηκα</em></strong></span> <span class='ocrx_word' id='word_1_222' title='bbox 915 2616 1138 2682; x_wconf 73' lang='lat' dir='ltr'>postea,</span> <span class='ocrx_word' id='word_1_223' title='bbox 1175 2615 1241 2666; x_wconf 73' lang='lat' dir='ltr'><strong><em>ut</em></strong></span> <span class='ocrx_word' id='word_1_224' title='bbox 1275 2613 1522 2681; x_wconf 72' lang='lat' dir='ltr'>videtur,</span> <span class='ocrx_word' id='word_1_225' title='bbox 1569 2612 1808 2666; x_wconf 74' lang='lat' dir='ltr'>inseruit</span> <span class='ocrx_word' id='word_1_226' title='bbox 1842 2612 1903 2665; x_wconf 88' lang='lat' dir='ltr'>M</span> <span class='ocrx_word' id='word_1_227' title='bbox 2026 2617 2059 2666; x_wconf 89' lang='lat'>8</span> <span class='ocrx_word' id='word_1_228' title='bbox 2106 2611 2425 2676; x_wconf 66' lang='lat' dir='ltr'><strong>Zomov·B²‚</strong></span> 
     </span>
    </p>
   </div>
   <div class='ocr_carea' id='block_1_8' title="bbox 301 2681 2427 2766">
    <p class='ocr_par' dir='ltr' id='par_1_9' title="bbox 301 2681 2427 2766">
     <span class='ocr_line' id='line_1_26' title="bbox 301 2681 2427 2766; baseline -0.003 -26"><span class='ocrx_word' id='word_1_229' title='bbox 301 2712 308 2719; x_wconf 92' lang='lat'><strong>·</strong></span> <span class='ocrx_word' id='word_1_230' title='bbox 415 2689 553 2741; x_wconf 78' lang='lat' dir='ltr'><strong>mut.</strong></span> <span class='ocrx_word' id='word_1_231' title='bbox 591 2687 653 2740; x_wconf 87' lang='lat' dir='ltr'><strong><em>in</em></strong></span> <span class='ocrx_word' id='word_1_232' title='bbox 688 2685 858 2748; x_wconf 76' lang='grc' dir='ltr'><strong><em>λόπος</em></strong></span> <span class='ocrx_word' id='word_1_233' title='bbox 892 2684 982 2740; x_wconf 84' lang='lat' dir='ltr'><strong><em>vel</em></strong></span> <span class='ocrx_word' id='word_1_234' title='bbox 1018 2682 1184 2746; x_wconf 76' lang='grc' dir='ltr'><strong><em>λέπος</em></strong></span> <span class='ocrx_word' id='word_1_235' title='bbox 1228 2683 1328 2750; x_wconf 79' lang='lat'><strong><em>13²,</em></strong></span> <span class='ocrx_word' id='word_1_236' title='bbox 1375 2701 1445 2737; x_wconf 80' lang='lat' dir='ltr'><strong><em>ss,</em></strong></span> <span class='ocrx_word' id='word_1_237' title='bbox 1484 2681 1758 2766; x_wconf 67' lang='grc' dir='ltr'><strong><em>δέρματος</em></strong></span> <span class='ocrx_word' id='word_1_238' title='bbox 1792 2683 1890 2750; x_wconf 78' lang='lat'><strong><em>13⁸,</em></strong></span> <span class='ocrx_word' id='word_1_239' title='bbox 1949 2682 2223 2752; x_wconf 81' lang='grc' dir='ltr'><strong><em>δέρματος</em></strong></span> <span class='ocrx_word' id='word_1_240' title='bbox 2256 2699 2427 2750; x_wconf 80' lang='lat' dir='ltr'>recep.</span> 
     </span>
    </p>
   </div>
   <div class='ocr_carea' id='block_1_9' title="bbox 418 2753 2429 2824">
    <p class='ocr_par' dir='ltr' id='par_1_10' title="bbox 418 2753 2429 2824">
     <span class='ocr_line' id='line_1_27' title="bbox 418 2753 2429 2824; baseline -0.003 -12"><span class='ocrx_word' id='word_1_241' title='bbox 418 2758 551 2813; x_wconf 72' lang='lat' dir='ltr'>Litt.</span> <span class='ocrx_word' id='word_1_242' title='bbox 589 2757 738 2811; x_wconf 84' lang='lat' dir='ltr'><strong>Erm.</strong></span> <span class='ocrx_word' id='word_1_243' title='bbox 777 2757 875 2824; x_wconf 90' lang='lat' dir='ltr'><strong><em>Pq.</em></strong></span> <span class='ocrx_word' id='word_1_244' title='bbox 924 2773 992 2810; x_wconf 82' lang='lat' dir='ltr'><strong><em>ex</em></strong></span> <span class='ocrx_word' id='word_1_245' title='bbox 1027 2754 1282 2809; x_wconf 78' lang='lat' dir='ltr'>Parisino</span> <span class='ocrx_word' id='word_1_246' title='bbox 1320 2753 1399 2822; x_wconf 84' lang='lat' dir='ltr'><strong><em>N,</em></strong></span> <span class='ocrx_word' id='word_1_247' title='bbox 1456 2772 1555 2823; x_wconf 87' lang='lat' dir='ltr'><strong><em>qm</em></strong></span> <span class='ocrx_word' id='word_1_248' title='bbox 1600 2770 1793 2809; x_wconf 81' lang='lat' dir='ltr'>vocem</span> <span class='ocrx_word' id='word_1_249' title='bbox 1835 2754 2073 2823; x_wconf 74' lang='lat' dir='ltr'>praebet</span> <span class='ocrx_word' id='word_1_250' title='bbox 2120 2772 2247 2809; x_wconf 81' lang='lat' dir='ltr'><strong><em>cum</em></strong></span> <span class='ocrx_word' id='word_1_251' title='bbox 2288 2754 2429 2808; x_wconf 79' lang='lat' dir='ltr'>linea</span> 
     </span>
    </p>
   </div>
   <div class='ocr_carea' id='block_1_10' title="bbox 418 2847 2434 3572">
    <p class='ocr_par' dir='ltr' id='par_1_11' title="bbox 418 2847 2434 3286">
     <span class='ocr_line' id='line_1_28' title="bbox 420 2847 2430 2931; baseline -0.003 -14"><span class='ocrx_word' id='word_1_252' title='bbox 420 2864 700 2930; x_wconf 71' lang='lat' dir='ltr'>subiecta,</span> <span class='ocrx_word' id='word_1_253' title='bbox 755 2861 932 2917; x_wconf 76' lang='grc' dir='ltr'><strong><em>λόπον</em></strong></span> <span class='ocrx_word' id='word_1_254' title='bbox 967 2861 1020 2916; x_wconf 88' lang='lat' dir='ltr'><strong>V</strong></span> <span class='ocrx_word' id='word_1_255' title='bbox 1163 2867 1194 2915; x_wconf 85' lang='lat'>9</span> <span class='ocrx_word' id='word_1_256' title='bbox 1243 2847 1451 2916; x_wconf 62' lang='grc' dir='ltr'><strong><em>ὁκοσοὶν</em></strong></span> <span class='ocrx_word' id='word_1_257' title='bbox 1481 2861 1552 2927; x_wconf 92' lang='grc' dir='ltr'><strong><em>Β,</em></strong></span> <span class='ocrx_word' id='word_1_258' title='bbox 1592 2878 1661 2915; x_wconf 77' lang='lat' dir='ltr'><strong><em>ss,</em></strong></span> <span class='ocrx_word' id='word_1_259' title='bbox 1691 2860 1781 2927; x_wconf 81' lang='lat' dir='ltr'><strong><em>B³‚</em></strong></span> <span class='ocrx_word' id='word_1_260' title='bbox 1822 2858 1965 2924; x_wconf 70' lang='grc' dir='ltr'><strong><em>ὅπως</em></strong></span> <span class='ocrx_word' id='word_1_261' title='bbox 1992 2858 2067 2915; x_wconf 83' lang='grc' dir='ltr'><strong><em>ἂν</em></strong></span> <span class='ocrx_word' id='word_1_262' title='bbox 2097 2864 2201 2916; x_wconf 73' lang='lat' dir='ltr'><strong>cet.</strong></span> <span class='ocrx_word' id='word_1_263' title='bbox 2275 2861 2430 2931; x_wconf 81' lang='grc' dir='ltr'><strong><em>ξυμφ.</em></strong></span> 
     </span>
     <span class='ocr_line' id='line_1_29' title="bbox 418 2928 2433 2990; baseline -0.002 -2"><span class='ocrx_word' id='word_1_264' title='bbox 418 2935 539 2990; x_wconf 88' lang='lat' dir='ltr'><strong><em>MV</em></strong></span> <span class='ocrx_word' id='word_1_265' title='bbox 665 2935 898 2990; x_wconf 83' lang='grc' dir='ltr'><strong><em>ἔκτοθεν</em></strong></span> <span class='ocrx_word' id='word_1_266' title='bbox 933 2932 1042 2987; x_wconf 87' lang='lat' dir='ltr'><strong><em>BV</em></strong></span> <span class='ocrx_word' id='word_1_267' title='bbox 1186 2937 1252 2986; x_wconf 94' lang='grc'><strong><em>10</em></strong></span> <span class='ocrx_word' id='word_1_268' title='bbox 1309 2933 1515 2987; x_wconf 75' lang='grc' dir='ltr'><strong><em>ἐκκεκλ.</em></strong></span> <span class='ocrx_word' id='word_1_269' title='bbox 1553 2931 1674 2986; x_wconf 88' lang='lat' dir='ltr'><strong><em>MV</em></strong></span> <span class='ocrx_word' id='word_1_270' title='bbox 1798 2931 1929 2986; x_wconf 76' lang='grc' dir='ltr'><strong><em>κᾶπ.</em></strong></span> <span class='ocrx_word' id='word_1_271' title='bbox 1967 2932 2089 2987; x_wconf 88' lang='lat' dir='ltr'><strong><em>MV</em></strong></span> <span class='ocrx_word' id='word_1_272' title='bbox 2235 2938 2298 2989; x_wconf 91' lang='lat'><strong><em>11</em></strong></span> <span class='ocrx_word' id='word_1_273' title='bbox 2354 2928 2433 2984; x_wconf 78' lang='grc' dir='ltr'><strong><em>ὄκ.</em></strong></span> 
     </span>
     <span class='ocr_line' id='line_1_30' title="bbox 421 3001 2430 3075; baseline -0.002 -16"><span class='ocrx_word' id='word_1_274' title='bbox 421 3006 581 3060; x_wconf 82' lang='lat' dir='ltr'><strong>codd.</strong></span> <span class='ocrx_word' id='word_1_275' title='bbox 709 3005 876 3074; x_wconf 77' lang='grc' dir='ltr'><strong><em>ξυμφ.</em></strong></span> <span class='ocrx_word' id='word_1_276' title='bbox 915 3003 1035 3059; x_wconf 88' lang='lat' dir='ltr'><strong><em>MV</em></strong></span> <span class='ocrx_word' id='word_1_277' title='bbox 1197 3010 1263 3057; x_wconf 86' lang='lat'><strong><em>12</em></strong></span> <span class='ocrx_word' id='word_1_278' title='bbox 1303 3001 1339 3073; x_wconf 79' lang='grc' dir='ltr'>ἢ</span> <span class='ocrx_word' id='word_1_279' title='bbox 1374 3004 1473 3071; x_wconf 68' lang='grc' dir='ltr'><strong><em>ΒῙ,</em></strong></span> <span class='ocrx_word' id='word_1_280' title='bbox 1519 3003 1652 3059; x_wconf 74' lang='lat' dir='ltr'>Litt.</span> <span class='ocrx_word' id='word_1_281' title='bbox 1703 3018 1771 3057; x_wconf 82' lang='lat' dir='ltr'><strong><em>ex</em></strong></span> <span class='ocrx_word' id='word_1_282' title='bbox 1805 3002 1952 3058; x_wconf 85' lang='lat' dir='ltr'><strong><em>Vido</em></strong></span> <span class='ocrx_word' id='word_1_283' title='bbox 1991 3003 2179 3071; x_wconf 79' lang='lat' dir='ltr'>vidie,</span> <span class='ocrx_word' id='word_1_284' title='bbox 2217 3002 2430 3075; x_wconf 73' lang='lat' dir='ltr'>punctis</span> 
     </span>
     <span class='ocr_line' id='line_1_31' title="bbox 421 3073 2430 3145; baseline -0.001 -16"><span class='ocrx_word' id='word_1_285' title='bbox 421 3076 655 3130; x_wconf 72' lang='lat' dir='ltr'>inclusit</span> <span class='ocrx_word' id='word_1_286' title='bbox 688 3076 778 3145; x_wconf 79' lang='lat' dir='ltr'><strong><em>B²‚</em></strong></span> <span class='ocrx_word' id='word_1_287' title='bbox 835 3093 940 3130; x_wconf 88' lang='lat' dir='ltr'><strong><em>om.</em></strong></span> <span class='ocrx_word' id='word_1_288' title='bbox 979 3074 1101 3129; x_wconf 87' lang='grc' dir='ltr'><strong><em>ΜΨ</em></strong></span> <span class='ocrx_word' id='word_1_289' title='bbox 1226 3074 1375 3145; x_wconf 81' lang='grc' dir='ltr'><strong><em>ὀρθη</em></strong></span> <span class='ocrx_word' id='word_1_290' title='bbox 1412 3075 1484 3142; x_wconf 91' lang='grc' dir='ltr'><strong><em>Β,</em></strong></span> <span class='ocrx_word' id='word_1_291' title='bbox 1540 3096 1574 3131; x_wconf 89' lang='grc' dir='ltr'><strong><em>ν</em></strong></span> <span class='ocrx_word' id='word_1_292' title='bbox 1621 3075 1800 3129; x_wconf 77' lang='lat' dir='ltr'>adeor.</span> <span class='ocrx_word' id='word_1_293' title='bbox 1847 3074 1923 3127; x_wconf 72' lang='grc' dir='ltr'><strong><em>Β8</em></strong></span> <span class='ocrx_word' id='word_1_294' title='bbox 2040 3075 2263 3145; x_wconf 74' lang='grc' dir='ltr'><strong><em>ἀπαρτῆ</em></strong></span> <span class='ocrx_word' id='word_1_295' title='bbox 2309 3073 2430 3137; x_wconf 86' lang='grc' dir='ltr'><strong><em>ΒΜ,</em></strong></span> 
     </span>
     <span class='ocr_line' id='line_1_32' title="bbox 424 3143 2434 3216; baseline -0.001 -16"><span class='ocrx_word' id='word_1_296' title='bbox 424 3148 648 3216; x_wconf 83' lang='grc' dir='ltr'><strong><em>ἀπαντῆ</em></strong></span> <span class='ocrx_word' id='word_1_297' title='bbox 682 3147 751 3215; x_wconf 90' lang='grc' dir='ltr'><strong><em>Ψ,</em></strong></span> <span class='ocrx_word' id='word_1_298' title='bbox 798 3146 1124 3216; x_wconf 81' lang='grc' dir='ltr'><strong><em>ἀπαρτητὴν</em></strong></span> <span class='ocrx_word' id='word_1_299' title='bbox 1158 3163 1262 3214; x_wconf 88' lang='lat' dir='ltr'><strong><em>pro</em></strong></span> <span class='ocrx_word' id='word_1_300' title='bbox 1301 3147 1396 3200; x_wconf 84' lang='grc' dir='ltr'><strong><em>ἀπ.</em></strong></span> <span class='ocrx_word' id='word_1_301' title='bbox 1434 3146 1537 3216; x_wconf 86' lang='grc' dir='ltr'><strong><em>τὴν</em></strong></span> <span class='ocrx_word' id='word_1_302' title='bbox 1574 3146 1726 3200; x_wconf 76' lang='lat' dir='ltr'>Parr.</span> <span class='ocrx_word' id='word_1_303' title='bbox 1765 3144 1914 3212; x_wconf 79' lang='grc' dir='ltr'><strong><em>ΕΠ,</em></strong></span> <span class='ocrx_word' id='word_1_304' title='bbox 1963 3145 2174 3215; x_wconf 81' lang='grc' dir='ltr'><strong><em>ἀπαρτὶ</em></strong></span> <span class='ocrx_word' id='word_1_305' title='bbox 2208 3164 2309 3215; x_wconf 86' lang='lat' dir='ltr'><strong><em>pro</em></strong></span> <span class='ocrx_word' id='word_1_306' title='bbox 2345 3143 2434 3200; x_wconf 77' lang='grc' dir='ltr'><strong><em>καὶ</em></strong></span> 
     </span>
     <span class='ocr_line' id='line_1_33' title="bbox 422 3213 2338 3286; baseline 0 -15"><span class='ocrx_word' id='word_1_307' title='bbox 422 3219 520 3272; x_wconf 84' lang='grc' dir='ltr'><strong><em>ἀπ.</em></strong></span> <span class='ocrx_word' id='word_1_308' title='bbox 558 3218 705 3271; x_wconf 88' lang='lat' dir='ltr'>Erm.</span> <span class='ocrx_word' id='word_1_309' title='bbox 816 3220 939 3274; x_wconf 82' lang='grc' dir='ltr'><strong><em>δεῖν</em></strong></span> <span class='ocrx_word' id='word_1_310' title='bbox 978 3219 1109 3272; x_wconf 72' lang='lat' dir='ltr'>ante</span> <span class='ocrx_word' id='word_1_311' title='bbox 1147 3213 1296 3273; x_wconf 84' lang='grc' dir='ltr'><strong><em>εἶναι</em></strong></span> <span class='ocrx_word' id='word_1_312' title='bbox 1333 3218 1461 3271; x_wconf 78' lang='lat' dir='ltr'><strong>add.</strong></span> <span class='ocrx_word' id='word_1_313' title='bbox 1500 3217 1545 3270; x_wconf 92' lang='lat' dir='ltr'>B</span> <span class='ocrx_word' id='word_1_314' title='bbox 1693 3221 1759 3273; x_wconf 88' lang='grc'><strong><em>13</em></strong></span> <span class='ocrx_word' id='word_1_315' title='bbox 1798 3216 1904 3286; x_wconf 80' lang='grc' dir='ltr'><strong><em>γὰρ</em></strong></span> <span class='ocrx_word' id='word_1_316' title='bbox 1940 3234 2043 3285; x_wconf 88' lang='lat' dir='ltr'><strong><em>pro</em></strong></span> <span class='ocrx_word' id='word_1_317' title='bbox 2082 3219 2184 3286; x_wconf 80' lang='grc' dir='ltr'><strong><em>μὲν</em></strong></span> <span class='ocrx_word' id='word_1_318' title='bbox 2219 3216 2338 3272; x_wconf 92' lang='grc' dir='ltr'><strong><em>ΜΨ</em></strong></span> 
     </span>
    </p>

    <p class='ocr_par' dir='ltr' id='par_1_12' title="bbox 422 3287 2433 3572">
     <span class='ocr_line' id='line_1_34' title="bbox 422 3287 2433 3357; baseline -0 -17"><span class='ocrx_word' id='word_1_319' title='bbox 422 3289 474 3341; x_wconf 84' lang='grc' dir='ltr'><strong><em>εἰ</em></strong></span> <span class='ocrx_word' id='word_1_320' title='bbox 509 3287 586 3356; x_wconf 75' lang='grc' dir='ltr'><strong><em>(ἐς</em></strong></span> <span class='ocrx_word' id='word_1_321' title='bbox 612 3287 766 3357; x_wconf 85' lang='lat' dir='ltr'><strong>Wb.)</strong></span> <span class='ocrx_word' id='word_1_322' title='bbox 801 3309 871 3342; x_wconf 88' lang='grc' dir='ltr'><strong><em>τα</em></strong></span> <span class='ocrx_word' id='word_1_323' title='bbox 909 3291 1040 3342; x_wconf 69' lang='lat' dir='ltr'><strong>ante</strong></span> <span class='ocrx_word' id='word_1_324' title='bbox 1076 3288 1337 3343; x_wconf 79' lang='grc' dir='ltr'><strong><em>κάτωθεν</em></strong></span> <span class='ocrx_word' id='word_1_325' title='bbox 1366 3288 1496 3343; x_wconf 78' lang='lat' dir='ltr'><strong>add.</strong></span> <span class='ocrx_word' id='word_1_326' title='bbox 1525 3288 1588 3355; x_wconf 85' lang='lat' dir='ltr'><strong><em>B,</em></strong></span> <span class='ocrx_word' id='word_1_327' title='bbox 1628 3304 1733 3342; x_wconf 87' lang='lat' dir='ltr'><strong><em>om.</em></strong></span> <span class='ocrx_word' id='word_1_328' title='bbox 1774 3289 1877 3342; x_wconf 74' lang='lat' dir='ltr'><strong>oet.</strong></span> <span class='ocrx_word' id='word_1_329' title='bbox 2005 3293 2071 3341; x_wconf 87' lang='grc'><strong><em>14</em></strong></span> <span class='ocrx_word' id='word_1_330' title='bbox 2110 3291 2241 3343; x_wconf 72' lang='lat' dir='ltr'><strong><em>anbe</em></strong></span> <span class='ocrx_word' id='word_1_331' title='bbox 2266 3287 2433 3342; x_wconf 73' lang='grc' dir='ltr'><strong><em>ἀὐτὸν</em></strong></span> 
     </span>
     <span class='ocr_line' id='line_1_35' title="bbox 424 3357 2431 3429; baseline -0 -19"><span class='ocrx_word' id='word_1_332' title='bbox 424 3358 554 3410; x_wconf 83' lang='lat' dir='ltr'><strong>add.</strong></span> <span class='ocrx_word' id='word_1_333' title='bbox 592 3357 691 3413; x_wconf 84' lang='grc' dir='ltr'><strong><em>τὸν</em></strong></span> <span class='ocrx_word' id='word_1_334' title='bbox 718 3358 764 3411; x_wconf 95' lang='grc' dir='ltr'><strong>Β</strong></span> <span class='ocrx_word' id='word_1_335' title='bbox 910 3365 975 3412; x_wconf 81' lang='grc'><strong><em>15</em></strong></span> <span class='ocrx_word' id='word_1_336' title='bbox 1005 3360 1223 3429; x_wconf 78' lang='grc' dir='ltr'><strong><em>ἔξεστην</em></strong></span> <span class='ocrx_word' id='word_1_337' title='bbox 1251 3359 1297 3412; x_wconf 92' lang='grc' dir='ltr'>Β</span> <span class='ocrx_word' id='word_1_338' title='bbox 1409 3365 1474 3413; x_wconf 87' lang='grc'><strong><em>16</em></strong></span> <span class='ocrx_word' id='word_1_339' title='bbox 1512 3360 1610 3414; x_wconf 84' lang='grc' dir='ltr'><strong><em>καὶ</em></strong></span> <span class='ocrx_word' id='word_1_340' title='bbox 1638 3362 1771 3413; x_wconf 72' lang='lat' dir='ltr'><strong>ante</strong></span> <span class='ocrx_word' id='word_1_341' title='bbox 1790 3380 1952 3428; x_wconf 87' lang='grc' dir='ltr'><strong><em>μακρ.</em></strong></span> <span class='ocrx_word' id='word_1_342' title='bbox 1976 3376 2083 3413; x_wconf 89' lang='lat' dir='ltr'><strong><em>om.</em></strong></span> <span class='ocrx_word' id='word_1_343' title='bbox 2114 3359 2303 3428; x_wconf 85' lang='lat' dir='ltr'><strong>BMV‚</strong></span> <span class='ocrx_word' id='word_1_344' title='bbox 2331 3374 2431 3413; x_wconf 81' lang='lat' dir='ltr'>reo.</span> 
     </span>
     <span class='ocr_line' id='line_1_36' title="bbox 425 3428 2431 3504; baseline 0 -24"><span class='ocrx_word' id='word_1_345' title='bbox 425 3428 558 3482; x_wconf 73' lang='lat' dir='ltr'>Litt.</span> <span class='ocrx_word' id='word_1_346' title='bbox 607 3444 675 3482; x_wconf 82' lang='lat' dir='ltr'><strong><em>ex</em></strong></span> <span class='ocrx_word' id='word_1_347' title='bbox 719 3428 876 3482; x_wconf 78' lang='lat' dir='ltr'>varia</span> <span class='ocrx_word' id='word_1_348' title='bbox 919 3429 1161 3484; x_wconf 76' lang='lat' dir='ltr'>lectione</span> <span class='ocrx_word' id='word_1_349' title='bbox 1213 3430 1392 3485; x_wconf 81' lang='lat' dir='ltr'><strong>Sever.</strong></span> <span class='ocrx_word' id='word_1_350' title='bbox 1518 3432 1648 3500; x_wconf 78' lang='lat' dir='ltr'>post</span> <span class='ocrx_word' id='word_1_351' title='bbox 1697 3451 1859 3504; x_wconf 73' lang='grc' dir='ltr'><strong><em>μακρ.</em></strong></span> <span class='ocrx_word' id='word_1_352' title='bbox 1914 3431 2043 3484; x_wconf 80' lang='lat' dir='ltr'><strong>add.</strong></span> <span class='ocrx_word' id='word_1_353' title='bbox 2098 3432 2254 3502; x_wconf 79' lang='grc' dir='ltr'><strong><em>ἄγειν</em></strong></span> <span class='ocrx_word' id='word_1_354' title='bbox 2304 3428 2431 3493; x_wconf 80' lang='lat' dir='ltr'><strong><em>MV,</em></strong></span> 
     </span>
     <span class='ocr_line' id='line_1_37' title="bbox 425 3498 2388 3572; baseline 0.002 -21"><span class='ocrx_word' id='word_1_355' title='bbox 425 3516 531 3552; x_wconf 87' lang='lat' dir='ltr'><strong><em>om.</em></strong></span> <span class='ocrx_word' id='word_1_356' title='bbox 568 3498 614 3551; x_wconf 94' lang='lat' dir='ltr'><strong>B</strong></span> <span class='ocrx_word' id='word_1_357' title='bbox 761 3503 826 3552; x_wconf 88' lang='grc'><strong><em>19</em></strong></span> <span class='ocrx_word' id='word_1_358' title='bbox 872 3499 975 3569; x_wconf 84' lang='grc' dir='ltr'><strong><em>τὴν</em></strong></span> <span class='ocrx_word' id='word_1_359' title='bbox 1012 3518 1116 3555; x_wconf 88' lang='lat' dir='ltr'><strong><em>om.</em></strong></span> <span class='ocrx_word' id='word_1_360' title='bbox 1154 3501 1206 3555; x_wconf 91' lang='lat' dir='ltr'><strong>V</strong></span> <span class='ocrx_word' id='word_1_361' title='bbox 1327 3499 1696 3572; x_wconf 82' lang='grc' dir='ltr'><strong><em>ἀντιρροπίην</em></strong></span> <span class='ocrx_word' id='word_1_362' title='bbox 1732 3502 1848 3556; x_wconf 90' lang='grc' dir='ltr'><strong><em>ΒΜ</em></strong></span> <span class='ocrx_word' id='word_1_363' title='bbox 1953 3501 2306 3571; x_wconf 86' lang='grc' dir='ltr'><strong><em>ποιήσασθαι</em></strong></span> <span class='ocrx_word' id='word_1_364' title='bbox 2340 3500 2388 3554; x_wconf 90' lang='grc' dir='ltr'>Ψ</span> 
     </span>
    </p>
   </div>
   <div class='ocr_carea' id='block_1_11' title="bbox 2526 750 2537 2712">
    <p class='ocr_par' dir='ltr' id='par_1_13' title="bbox 2526 750 2537 2712">
     <span class='ocr_line' id='line_1_38' title="bbox 2526 750 2537 2712; baseline 0 0"><span class='ocrx_word' id='word_1_365' title='bbox 2526 750 2537 2712; x_wconf 95' lang='lat' dir='ltr'><strong><em> </em></strong></span> 
     </span>
    </p>
   </div>
  </div>
 </body>
</html>
