2588 3876
581 112 752 162 ΠΕΡΙ
787 111 934 162 ΤΩΝ
969 114 1066 163 ΕΝ
1103 114 1438 164 ΚΕΦΑΛΗΙ
1472 113 1864 164 ΤΡΩΜΑΤῼΝ
1903 117 1969 164 12
2202 112 2283 177 15

262 270 376 336 καὶ
422 271 509 354 ἢν
551 272 715 357 τύχῃ
761 272 1081 357 γενομένη
1127 273 1168 356 ἡ
1207 272 1365 358 ἕδρη
1404 273 1479 339 ἐν
1515 273 1753 359 αὐτῇσι
1787 284 1938 359 τῇσι
1976 275 2286 360 ῥαφῇσιν.

264 377 659 461 συγκλέπτει
705 379 829 463 γὰρ
878 378 1043 463 αὐτὴ
1097 379 1138 462 ἡ
1187 380 1365 465 ῥαφὴ
1425 379 1785 466 τρηχυτέρη
1843 380 2047 446 ἐοῦσα
2100 391 2220 446 τοῦ
2272 378 2282 469 Ι

261 486 472 550 ἄλλου
531 483 787 569 ὀστέου,
848 484 961 550 καὶ
1016 486 1097 550 οὐ
1144 487 1465 570 διάδηλον
1510 486 1546 551 ὅ
1588 511 1653 552 τι
1696 511 1767 552 τε
1813 487 2020 553 αὐτοῦ
2068 487 2250 574 ῥαφή
2287 498 2391 546 224

261 589 402 657 ἐστι
456 589 567 656 καὶ
615 593 650 658 ὅ
696 615 760 657 τι
804 600 925 657 τοῦ
971 592 1198 675 βέλεος
1242 592 1433 677 ἕδρη,
1493 592 1580 677 ὴν
1623 595 1712 679 μὴ
1767 593 1972 678 κάρτα
2035 595 2282 679 μεγάλη

261 697 531 782 γένηται
589 699 630 787 ᾑ
686 697 864 783 ἕδρη.
953 701 1382 784 προσγίνεται
1442 700 1517 765 δὲ
1577 698 1685 765 καὶ
1746 698 1927 786 ῥῆξις
1983 710 2061 786 τῇ
2122 699 2283 787 ἕδρῃ
2338 724 2363 764 5

261 805 350 880 ὡς
395 802 504 875 ἐπὶ
549 805 624 869 τὸ
662 807 837 882 πολὺ
873 814 953 890 τῇ
989 804 1064 871 ἐν
1098 815 1248 892 τῇσι
1287 806 1538 892 ῥαφῇσι
1576 806 1915 896 γινομένῃ,
1961 805 2072 872 καὶ
2109 809 2285 890 γίνε-

259 934 370 976 ται
395 908 507 976 καὶ
535 911 702 995 αὐτὴ
735 911 776 996 ἡ
816 909 998 998 ῥῆξις
1035 911 1448 997 χαλεπωτέρη
1487 913 1878 998 φράσασθαι
1916 911 2283 999 ἐρρωγότος

259 1026 381 1083 τοῦ
421 1015 679 1101 ὀστέου,
727 1018 839 1083 διὰ
873 1019 1213 1107 τοῦτοὸτι
1254 1017 1395 1084 κατ’
1431 1019 1639 1103 αὐτὴν
1674 1020 1796 1103 τὴν
1832 1019 2055 1104 ῥαφὴν
2090 1019 2131 1104 ἡ
2171 1020 2284 1105 ῥῆ-

262 1122 358 1202 ξις
387 1126 661 1208 γίνεται,
696 1123 783 1209 ἢν
812 1125 1196 1210 ῥηγνύηται,
1234 1125 1323 1202 ὡς
1360 1124 1469 1190 ἐπὶ
1504 1126 1578 1195 τὸ
1615 1126 1807 1190 πολύ.
1863 1125 2129 1211 ἕτοιμον
2155 1127 2282 1210 γὰρ

259 1230 462 1316 ταύτῃ
494 1231 874 1316 ῥήγνυσθαι
901 1232 976 1296 τὸ
1008 1231 1241 1297 ὀστέον
1276 1230 1387 1297 καὶ
1425 1233 1747 1317 διαχαλᾶν
1776 1233 1889 1297 διὰ
1914 1234 2036 1316 τὴν
2064 1228 2280 1319 ἆσθεί-
2310 1257 2364 1296 ιο

257 1339 447 1422 νείην
483 1347 598 1421 τῆς
635 1338 880 1421 φύσιος
915 1347 1035 1403 τοῦ
1074 1338 1308 1404 ὀστέου
1344 1340 1547 1425 ταύτῃ
1585 1338 1694 1405 καὶ
1733 1340 1845 1404 διὰ
1880 1340 2004 1423 τὴν
2038 1338 2262 1423 ἀραιό-
2283 1349 2386 1397 226

257 1467 419 1528 τητα
447 1442 558 1510 καὶ
589 1445 672 1529 δὴ
699 1446 811 1510 ἅτε
837 1454 954 1529 τῆς
982 1445 1199 1532 ῥαφῆς
1228 1443 1490 1531 ἑτοίμης
1517 1445 1754 1529 ἐούσης
1772 1446 2153 1531 ῥήγνυσθαι
2171 1444 2282 1510 καὶ

258 1551 599 1637 διαχαλᾷν.
671 1553 752 1616 τὰ
797 1550 857 1615 δ’
904 1553 1069 1616 ἄλλα
1113 1550 1308 1616 ὀστέα
1351 1553 1433 1617 τὰ
1467 1551 1855 1636 περιέχοντα
1898 1554 2021 1636 τὴν
2057 1552 2281 1639 ῥαφὴν

253 1656 441 1742 μένει
497 1656 815 1742 ἀρραγέα,
872 1658 977 1723 ὅτι
1032 1659 1425 1743 ἰσχυρότερά
1470 1656 1608 1723 ἐστι
1652 1667 1769 1742 τῆς
1813 1659 2045 1743 ῥαφῆς.
2117 1658 2158 1741 ἡ
2206 1658 2281 1722 δὲ

256 1761 440 1849 ῥῆξις
485 1764 526 1847 ὴ
573 1765 738 1829 κατὰ
761 1765 904 1848 «τὴν
949 1764 1174 1849 ῥαφὴν
1218 1764 1534 1849 γινομένη
1571 1762 1683 1829 καὶ
1721 1764 2105 1848 διαχάλασίς
2140 1761 2279 1827 ἐστι
2308 1788 2359 1829 1⁵

252 1879 372 1955 τῆς
418 1870 634 1956 ῥαφῆς
678 1868 789 1935 καὶ
836 1871 1226 1955 φράσασθαι
1271 1870 1396 1936 οὐκ
1444 1868 1746 1960 εὐΙμαρὴς
1792 1870 1946 1935 οὔτε
1990 1868 2077 1954 ὴν
2121 1868 2249 1934 ἀπὸ
2280 1879 2383 1928 228

253 1976 454 2062 ἕδρης
489 1986 610 2043 τοῦ
646 1976 875 2060 βέλεος
910 1977 1268 2063 γενομένης
1305 1977 1381 2044 ἐν
1414 1987 1493 2064 τῇ
1532 1978 1733 2065 ῥαφῇ,
1780 1976 2052 2043 ἐπειδὰν
2087 1976 2278 2062 ῥαγῇ,

251 2082 367 2149 καὶ
414 2083 778 2171 διαχαλάσῃ
827 2085 980 2149 οὔτε
1032 2083 1117 2167 ἢν
1174 2084 1594 2169 φλασθέντος
1647 2093 1768 2150 τοῦ
1825 2083 2061 2149 ὀστέου
2114 2084 2282 2149 κατὰ

250 2192 370 2267 τὰς
417 2191 664 2276 σάρκας
711 2191 878 2277 ῥαγῇ
925 2190 1035 2256 καὶ
1081 2192 1471 2277 διαχαλάσῃ·
1531 2190 1673 2257 ἀλλ’
1728 2194 1867 2256 ἔστι
1920 2191 2278 2275 χαλεπώτε-

401 2529 428 2576 1
469 2522 541 2591 ἥν
577 2543 636 2578 τε
672 2539 773 2594 pro
811 2524 908 2578 καὶ
941 2522 1014 2593 ἢν
1041 2524 1094 2578 V
1181 2524 1443 2595 γινομένη
1463 2525 1515 2579 V
1604 2523 1831 2594 αὐτέησι
1855 2544 1901 2579 τ.
1932 2520 2202 2594 ῥαφϊησιν
2227 2523 2273 2575 Β

329 2591 543 2665 ῥαφῆσι
580 2593 631 2647 V
776 2600 806 2647 2
847 2598 1151 2666 συνκλεπτη
1178 2596 1240 2663 Β,
1280 2595 1575 2668 συμβλέπει
1600 2595 1666 2662 V,
1705 2594 2094 2666 συγκλέπτεται
2120 2593 2272 2647 Eross.

247 2684 305 2736 p.
339 2670 459 2732 119,
492 2672 523 2719 6
551 2665 658 2730 Κ1.,
697 2665 824 2719 Wb.
971 2672 1004 2720 3
1040 2664 1231 2738 ῥαφην
1266 2668 1313 2720 Β
1438 2672 1473 2719 4
1511 2667 1623 2721 ἐστι
1658 2666 1710 2719 V
1816 2664 1923 2738 βέλ.
1960 2665 2000 2756 ⁷2
2035 2663 2112 2719 ἕδ.
2155 2665 2201 2717 Β

250 2742 286 2789 5
323 2734 610 2806 προσγίγν.
649 2736 695 2789 Β
841 2743 873 2791 6
908 2736 1086 2792 τόπου
1123 2755 1356 2809 αυτησιν
1395 2738 1456 2794 ἐν
1490 2737 1563 2804 B,
1612 2737 1675 2791 τὸ
1712 2737 1889 2791 πουλὺ
1927 2756 2069 2806 αυτη
2107 2735 2168 2791 ἐν
2203 2736 2272 2804 Ὺ,

245 2808 314 2861 τὸ
349 2808 531 2863 πουλὺ
556 2815 624 2879 τῇ
655 2807 717 2863 ἐν
743 2808 894 2873 Litt„
936 2808 976 2864 ἐ,
1006 2829 1052 2865 τ.
1080 2811 1274 2876 πουλὺ,
1313 2810 1545 2879 αὐτῇσιν
1583 2808 1643 2863 ἐν
1678 2815 1803 2878 τῇσι
1839 2804 1954 2878 ῥαφ
1997 2824 2051 2861 σι
2086 2826 2272 2877 γιγνο-

246 2876 447 2951 μένῃσι
482 2878 582 2946 Pq.
690 2877 1012 2950 γινομένησι
1046 2880 1164 2948 ΒῪ,
1201 2877 1328 2950 -μέν
1402 2879 1549 2950 vulg.
1698 2883 1726 2931 ’1
1766 2879 1908 2949 αὐτῆ
2113 2882 2278 2950 χαλε-

247 2968 374 3072 ’5⁰‘-
412 2950 837 3076 τεῗτῑῑτθῑῑξα
910 2955 985 3075 v⁸
1024 2955 1291 3077 τττττττ·
1313 2901 1661 3075 ἦωττθτττ
1697 2948 1805 3075 '³13¹
1833 2950 1932 3076 «ξι
1997 2954 2055 3076 ῥ’
2091 2951 2271 3090 τετὲεζ

245 3090 347 3146 ἅτε
383 3091 435 3144 V
581 3088 722 3163 ῥϊγν.
761 3092 807 3145 Β
840 3042 874 3078 ν
954 3098 1021 3145 13
1057 3093 1127 3147 τὰ
1162 3042 1419 3148 ζ’τόἕὲτὰ
1452 3113 1512 3149 π.
1553 3089 1714 3148 ὀστέα
1749 3093 1812 3160 Β,
1849 3089 1901 3146 τ’
1936 3041 1996 3146 ἆῒ
2024 3039 2097 3146 τε
2124 3090 2171 3146 ὂ.
2200 3092 2271 3148 τὰ

244 3180 309 3215 π.
346 3161 399 3216 Ὺ
574 3167 641 3217 14
675 3165 806 3233 post
843 3161 1091 3234 ἀρραγέα
1129 3163 1255 3218 add.
1294 3184 1354 3219 τε
1390 3185 1488 3218 και
1522 3164 1569 3216 Β
1748 3162 2080 3235 ἰσχυρότατα
2116 3162 2162 3215 Β

248 3238 320 3286 15
357 3230 500 3301 ῥϊξις
536 3234 582 3286 Β
719 3238 1084 3306 διαχαλασιης
1117 3236 1163 3288 Β
1330 3241 1395 3290 16
1431 3237 1561 3306 post
1596 3234 1838 3304 εὐμαρὴς
1874 3234 2002 3289 add.
2042 3228 2078 3306 ᾖ
2113 3233 2165 3287 V

246 3302 377 3359 οὔτε
412 3306 448 3373 ἠ
489 3305 604 3359 ἀπὸ
645 3303 720 3360 ἕδ.
758 3306 821 3371 Β,
861 3305 989 3360 οὔτε
1027 3306 1077 3360 εἰ
1113 3306 1166 3360 ἀ.
1197 3305 1237 3360 ἕ.
1267 3306 1338 3373 N,
1377 3306 1503 3361 οὔτε
1530 3306 1641 3359 ὑπὸ
1672 3303 1786 3360 &V
1908 3310 1972 3358 17
2012 3304 2096 3360 ἐπ.
2127 3299 2269 3373 ῥαγῇ

248 3373 367 3428 scil.
406 3376 443 3446 ἡ
481 3373 656 3447 ῥαφή,
695 3377 778 3432 ἐπ.
819 3393 923 3431 om.
962 3377 1095 3431 Litt.
1209 3374 1386 3432 ἔπειθ’
1430 3374 1503 3432 ἂν
1541 3376 1592 3429 Ὺ
1701 3381 1784 3431 18.
1816 3382 1881 3457 19
1920 3374 2050 3430 οὔτε
2082 3371 2153 3441 ἢν
2184 3415 2197 3427 .

244 3481 560 3554 διαχαλάσῃ
587 3498 693 3538 om.
714 3482 782 3550 V,
820 3483 1177 3554 διαχαλάσθη
1205 3483 1250 3535 Β
1381 3488 1448 3536 19
1479 3465 1590 3538 ἔσῖι
1617 3482 1687 3549 Ν,
1727 3481 1806 3537 ἔτι
1833 3464 1965 3538 Litt.
