2588 3876
745 155 917 209 ΠΕΡΙ
951 156 1239 209 ΑΡΘΡῼΝ
1275 158 1635 209 ΕΜΒΟΛΗΣ
1673 159 1742 209 48
2125 151 2251 220 183

207 320 534 403 πρόσθεν
580 317 844 403 εἴρηται.
934 319 1426 402 κατανάγκασιν
1481 315 1556 383 δὲ
1599 321 1730 384 σὺν
1784 325 1862 405 τῇ
1908 320 2254 384 κατατάσει

209 425 553 508 οὐδεμίαν
589 425 742 508 ἔχω,
794 425 836 507 ἥ
881 442 983 501 τις
1017 424 1102 489 ἂν
1138 427 1422 510 γίνοιτο,
1469 426 1558 501 ὡς
1600 433 1693 513 τῷ
1737 426 2086 510 κυφώματι
2130 427 2255 509 τὴν

206 530 718 614 κατανάγκασιν
772 532 815 616 ἡ
875 532 1066 607 σανὶς
1125 531 1426 597 ἐποιεῖτο.
1516 543 1655 609 πῶς
1712 534 1837 618 γὰρ
1899 534 1984 597 ἄν
2036 556 2137 609 τις
2181 523 2254 597 ἐκ

206 647 337 704 νοῦ
379 640 768 724 ἔμπροσθεν
801 648 918 722 τῆς
952 640 1206 722 κοιλίης
1241 638 1609 721 ἀναγκάσαι
1646 640 1951 719 δύναιτο;
1998 640 2078 704 οὐ
2125 640 2251 725 γὰρ

205 735 369 809 οἷόν
414 767 504 809 τε.
596 743 761 809 ἀλλὰ
806 746 939 828 μὴν
985 746 1138 810 οὔτε
1180 748 1379 829 βῆχες
1424 746 1575 810 οὔτε
1609 746 1894 832 πταρμοὶ
1935 746 2255 830 οὐδεμίαν
2307 774 2334 814 ⁵

206 852 518 935 δύναμιν
560 853 820 935 ἔχουσι,
877 853 1043 917 ὥστε
1087 861 1164 937 τῇ
1221 852 1568 917 κατατάσει
1630 863 2095 939 συντιμωρεῖν·
2167 852 2251 918 οὐ

203 958 348 1042 μὴν
399 953 562 1022 οὐδὲ
607 953 824 1034 ἔνεσις
867 959 1087 1042 φύσης
1122 956 1459 1042 ἑνιεμένης
1495 957 1563 1034 ἐς
1597 960 1720 1042 τὴν
1755 961 2017 1043 κοιλίην
2053 955 2255 1025 οὐδὲν

206 1062 298 1129 ἂν
350 1064 748 1149 δυνασθείη.
821 1066 931 1130 καὶ
975 1067 1108 1149 μὴν
1154 1066 1222 1130 αὶ
1267 1066 1544 1148 μεγάλαι
1582 1067 1807 1130 σικύαι
1843 1069 2254 1152 προσβαλλό-

204 1191 415 1255 μεναι
482 1170 888 1247 ἀνασπάσιος
951 1172 1170 1237 εἵνεκα
1230 1174 1444 1255 δῆθεν
1505 1182 1641 1237 τῶν
1711 1168 1840 1237 ἔσω
1914 1173 2253 1256 ῥεπόντων

205 1277 634 1361 σφονδύλων
678 1279 926 1362 μεγάλη
983 1278 1273 1365 ἁμαρτὰς
1317 1285 1433 1362 τῆς
1486 1280 1751 1363 γνώμης
1805 1278 2016 1345 ἐστίν·
2078 1278 2253 1345 ἀπω-
2281 1308 2333 1347 ιο

203 1382 468 1449 θέουσι
513 1381 639 1469 γὰρ
684 1388 939 1467 μᾶλλον
982 1384 1023 1467 ἢ
1080 1385 1427 1450 ἄνασπῶσι
1479 1387 1590 1451 καὶ
1636 1382 1796 1451 οὐδὲ
1844 1386 2005 1451 αὐτὸ
2051 1396 2253 1453 τοῦτο

204 1490 631 1573 γινώσκουσι
691 1491 757 1556 οὶ
810 1492 1368 1576 προσβάλλοντες·
1433 1491 1565 1579 ὅσω
1621 1494 1747 1577 γὰρ
1794 1495 1879 1558 ἄν
1933 1516 2033 1570 τις
2087 1493 2251 1577 μέζω

205 1597 637 1682 προσβάλλῃ,
697 1598 991 1686 τοσούτῳ
1045 1601 1301 1681 μᾶλλον
1356 1599 1752 1683 λορδοῦνται
1811 1600 1876 1664 οὶ
1921 1604 2252 1686 προσβλη-

206 1702 463 1779 θέντες
505 1704 1168 1787 συναναγκαζομένου
1214 1705 1353 1770 ἅνω
1391 1713 1511 1770 τοῦ
1549 1704 1882 1791 δέρματος.
1966 1708 2253 1791 τρόπους

208 1806 287 1874 δὲ
334 1811 590 1886 ἄλλους
633 1814 1046 1876 κατατασίων
1090 1809 1131 1894 ἢ
1169 1802 1305 1876 οἷοι
1349 1814 1652 1896 πρόσθεν
1698 1817 1993 1898 εἴρηνται
2038 1809 2242 1896 ἔχοιμ’
2281 1839 2331 1879 15

209 1914 303 1982 ἂν
344 1917 581 2001 εἰπεῖν,
620 1915 925 2003 ἁρμόζειν
961 1916 1047 1983 ἂν
1083 1917 1437 1995 δοκέοντας
1473 1919 1727 2003 μᾶλλον
1762 1925 1853 2006 τῷ
1881 1921 2253 2004 παθήματι·

209 2020 364 2088 ἀλλ’
412 2024 495 2088 οὐ
542 2024 750 2110 κάρτα
793 2026 1082 2091 πιστεύω
1132 2026 1419 2091 αὐτοῖσι·
1485 2027 1597 2091 διὰ
1630 2034 1827 2092 τοῦτο
1869 2027 1957 2092 οὐ
1994 2027 2248 2114 γράφω.

208 2129 485 2215 ἀθρόον
531 2131 614 2213 δὴ
660 2131 964 2197 συνιέναι
1009 2134 1131 2218 χρὴ
1179 2133 1331 2218 περὶ
1372 2130 1380 2219 Ι
1420 2144 1556 2198 τῶν
1601 2135 1956 2218 τοιούτων,
2014 2135 2101 2211 ὡς
2157 2133 2233 2199 ἐν
2254 2151 2357 2199 216

211 2240 558 2325 κεφαλαίῳ
602 2243 888 2323 εἴρηται,
933 2239 1036 2303 ὅτι
1089 2241 1170 2303 τὰ
1223 2235 1348 2322 μὲν
1401 2238 1469 2316 ἐς
1521 2239 1597 2304 τὸ
1655 2242 1905 2328 λορδὸν
1961 2240 2254 2326 ῥέψαντα

211 2341 501 2428 ὀλέθριά
544 2341 729 2409 ἐστιν
774 2345 881 2409 καὶ
929 2346 1304 2430 σινάμωρα,
1359 2347 1440 2410 τὰ
1487 2346 1562 2410 δὲ
1606 2345 1675 2422 ἐς
1718 2346 1793 2411 τὸ
1839 2347 2065 2430 κυφὸν
2110 2347 2252 2412 ἀσι-
2279 2374 2332 2414 20

215 2449 343 2515 νέα
387 2450 693 2515 θανάτου
737 2452 848 2516 καὶ
892 2452 1101 2537 οὔρου
1150 2454 1433 2536 σχεσίων
1468 2452 1578 2516 καὶ
1615 2451 2138 2538 ἄποναρκωσίων
2174 2453 2250 2518 τὸ

217 2554 499 2621 ἐπίπαν·
561 2557 642 2621 οὐ
697 2557 822 2641 γὰρ
871 2553 1145 2620 ἐντείνει
1200 2558 1358 2633 τοὺς
1403 2556 1674 2641 ὀχετοὺς
1717 2560 1874 2634 τοὺς
1918 2559 2082 2622 κατὰ
2126 2559 2250 2641 τὴν

367 2717 394 2764 1
436 2709 751 2766 κατασείσει
788 2711 908 2764 MV
1053 2719 1083 2765 2
1123 2711 1235 2783 γ.έν
1264 2714 1311 2767 Β
1413 2712 1593 2781 ὥσπερ
1633 2713 1754 2767 MV
1851 2716 1982 2784 post
2018 2714 2092 2777 ὡς
2119 2715 2249 2770 add.

217 2783 316 2837 καὶ
355 2782 407 2836 V
570 2788 600 2835 3
640 2781 883 2837 ἐποιέετο
923 2784 1085 2837 codd.
1248 2790 1281 2837 4
1318 2786 1449 2854 post
1486 2783 1551 2854 ἔμ
1550 2804 1625 2853 πρ
1632 2785 1813 2838 ..add
1854 2785 1952 2839 διὰ
1988 2784 2109 2838 MV

223 2860 256 2907 6
294 2853 520 2926 ἔχουσιν
558 2853 678 2906 MV
750 2854 835 2922 ξ(σ
871 2853 1313 2941 Μ)υντιμωρεέιν
1353 2856 1511 2909 codd.
1653 2862 1681 2910 7
1723 2853 1850 2911 οὐδ’
1891 2855 2012 2910 MV
2085 2857 2253 2925 φύσις

226 2924 471 2994 ἐνιεμένη
509 2923 557 2977 Β
699 2929 733 2977 8
771 2922 1049 2995 δυνηθείη
1079 2925 1199 2978 MV
1300 2923 1511 2981 σικυίαι
1548 2926 1633 2992 Μ,
1682 2936 1830 2982 -υῐαι
1858 2927 1910 2981 V
2052 2934 2084 2981 9
2123 2927 2250 2984 εἴσω

223 2992 340 3049 MV
488 3001 554 3049 10
592 3017 623 3050 τ
635 3004 690 3057 ”ς
726 3013 832 3049 0111.
872 2995 992 3049 MV
1016 2947 1178 3052 ηέστί
1212 2998 1258 3050 Β
1390 3005 1452 3051 11
1494 2996 1621 3052 ουδ’
1653 2998 1775 3051 MV
1908 3005 1973 3052 12
2012 3003 2121 3069 γι(γ
2151 3000 2251 3071 V)-

221 3068 535 3121 νώσκουσιν
573 3066 632 3119 Μ
801 3064 962 3136 μείζω
991 3067 1037 3120 Β
1185 3074 1249 3120 13
1287 3067 1574 3139 προσβάλῃ
1612 3064 1732 3123 MV
1821 3087 2086 3125 τοσουτον
2114 3068 2159 3124 Β

224 3178 288 3226 15
326 3192 386 3227 τε
422 3171 621 3238 BMV,
662 3172 725 3228 δὲ
759 3172 908 3243 vulg.
984 3174 1240 3235 ἀλλοιους
1274 3174 1321 3226 Β
1395 3159 1679 3230 κατασίων
1717 3175 1801 3242 Μ,
1850 3194 1919 3231 ss.
1952 3177 2061 3243 Μ’,
2110 3195 2249 3233 -σει-

222 3242 357 3298 σίων
385 3260 494 3297 rec,
526 3215 662 3297 Liit.
694 3244 791 3313 Pq.
869 3243 1085 3313 εἴρηται
1112 3244 1188 3311 Μ,
1227 3262 1366 3299 corr.
1396 3262 1543 3299 man.
1575 3253 1606 3300 2
1720 3252 1785 3301 16
1816 3250 1947 3302 ante
1978 3249 2084 3303 εἰπ.
2118 3250 2246 3302 add.

222 3335 307 3378 τις
342 3318 526 3384 (τινας
552 3314 703 3383 Wb.)
741 3316 785 3368 B
876 3313 1119 3384 αρμόσαι
1157 3315 1255 3379 ους
1291 3314 1400 3386 (οἷς
1435 3316 1506 3387 V)
1544 3317 1617 3372 ἄν
1653 3338 1737 3381 τις
1773 3318 1961 3374 δοκέοι
1997 3324 2075 3391 τῷ
2103 3323 2246 3372 παθ.

222 3389 426 3454 μᾶλλον
447 3385 566 3439 MV
696 3391 759 3438 17
789 3386 955 3440 ἄλλου
986 3388 1052 3441 οὐ
1080 3386 1125 3438 Β
1231 3393 1294 3440 18
1326 3386 1575 3452 ξυνιέναι
1605 3389 1763 3443 codd.
1841 3391 1914 3450 ὡς
1932 3374 2087 3443 Foes.
2101 3389 2247 3454 Wb.,

216 3406 301 3510 ὧν
330 3456 492 3511 codd.
582 3457 657 3520 ὡς
685 3457 745 3512 ἐν
774 3479 822 3511 κ.
854 3458 1117 3526 εἰρῆσθαι
1146 3457 1293 3512 Erm.
1427 3464 1491 3512 19
1531 3460 1610 3521 εἰς
1635 3460 1681 3512 Β
1800 3466 1867 3513 20
1907 3459 2017 3513 ἐστι
2054 3458 2177 3511 MV

224 3526 401 3596 σινόμ.
440 3526 561 3580 MV
677 3537 862 3595 κῦφον
900 3527 951 3580 V
1095 3534 1159 3582 21
1211 3529 1395 3597 οὔρων
1432 3529 1552 3582 MV
1697 3535 1779 3583 21.
1813 3536 1879 3582 22
1924 3530 2025 3598 τὸΞ
2063 3527 2146 3580 ἐπ.
2188 3527 2248 3579 Μ
