2588 3876
493 82 667 177 1113·ss
700 126 848 178 ΤΩΝ
882 128 981 177 ΕΝ
1017 126 1351 177 ΚΕΦΑΛΗΙ
1386 127 1778 180 ΤΡΩΜΑΤΩΝ
1815 131 1863 179 4.
1896 132 1943 182 5.
1975 134 2007 180 6
2221 129 2256 190 7

237 278 616 374 βαθύτεραί
656 310 724 352 τε
770 286 843 353 ἐκ
887 296 1008 352 τοῦ
1054 288 1226 352 κάτω
1270 286 1383 352 καὶ
1431 288 1544 353 διὰ
1587 290 1833 365 παντὸς
1867 298 1988 353 τοῦ
2026 286 2260 354 ὀστέου

240 394 394 474 (καὶ
439 390 654 478 ἧσσον
696 397 967 476 βαθεῖαι
1013 393 1087 459 ἐκ
1141 402 1262 458 τοῦ
1317 394 1491 459 κάτω
1547 393 1657 459 καὶ
1714 395 1795 459 οὐ
1852 396 1964 459 διὰ
2017 397 2263 472 παντὸς

238 511 360 567 τοῦ
410 500 703 584 ὀστέου>.

372 607 433 672 5.
504 610 843 691 Φλασθείη
911 604 969 671 δ’
1026 605 1111 672 ἄν
1171 606 1405 672 ὀστέον
1462 596 1669 692 μένον
1726 607 1802 673 ἐν
1864 617 1941 694 τῇ
2007 607 2260 674 ἑωυτοῦ

243 716 471 798 φύσει,
529 712 639 779 καὶ
696 714 921 799 ρωγμὴ
977 723 1056 800 τῇ
1112 714 1350 797 φλάσει
1407 714 1530 779 οὐκ
1577 713 1661 779 ἂν
1704 713 2140 799 προσγένοιτο
2188 714 2262 780 ἐν
2316 740 2341 779 5

241 829 331 909 τῷ
369 819 575 909 ὀστέῳ
623 821 927 904 οὐδεμία·
1002 821 1312 904 δεύτερος
1368 814 1566 897 οὗτος
1607 824 1868 906 τρόπος.
1903 836 1906 839 “
1962 819 2131 886 ἰδέαι
2187 822 2262 886 δὲ

240 937 355 1010 τῆς
399 928 680 1011 φλάσιος
723 929 995 1003 πλείους
1035 929 1365 1010 γίνονται·
1410 925 1520 992 καὶ
1565 928 1692 1011 γὰρ
1739 930 1994 1011 μᾶλλόν
2037 951 2106 992 τε
2151 927 2261 993 καὶ

240 1029 450 1117 ἧσσον
510 1039 753 1117 φλᾶται
815 1030 926 1098 καὶ
986 1032 1053 1110 ἐς
1108 1034 1491 1118 βαθύτερόν
1549 1056 1618 1098 τε
1677 1031 1788 1098 καὶ
1848 1034 1961 1098 διὰ
2017 1035 2263 1111 παντὸς

240 1149 362 1204 τοῦ
428 1138 664 1204 ὀστέου
727 1138 838 1204 καὶ
902 1134 1112 1222 ’ἧσσον
1170 1138 1236 1216 ἐς
1289 1141 1474 1221 βαθὺ
1529 1138 1639 1204 καὶ
1697 1140 1777 1204 οὐ
1843 1140 1957 1205 διὰ
2017 1142 2263 1217 παντὸς

239 1255 362 1311 τοῦ
409 1237 648 1311 ὀστέου
691 1244 801 1311 καὶ
847 1243 957 1311 ἐπὶ
1003 1245 1208 1311 πλέον
1262 1269 1334 1311 τε
1391 1244 1500 1311 καὶ
1556 1243 1840 1311 ἔλασσον
1897 1249 2134 1331 μήκεός
2190 1270 2261 1312 τε
2290 1274 2342 1312 10

240 1351 351 1417 καὶ
397 1352 818 1435 πλατύτητος.
891 1351 1059 1417 ἀλλὰ
1105 1352 1184 1417 οὐ
1231 1353 1490 1417 τούτων
1534 1364 1668 1418 τῶν
1708 1353 1906 1417 ἰδεῶν
1944 1353 2263 1437 οὐδεμίαν

241 1456 424 1524 ἔστιν
472 1459 703 1524 ἰδόντα
738 1468 956 1524 τοῖσιν
994 1458 1407 1542 ὀφθαλμοῖσι
1443 1470 1715 1541 γνῶναι,
1764 1459 1948 1543 ὁκοίη
1987 1462 2087 1536 τίς
2123 1459 2260 1525 ἐστι
2344 1506 2350 1511 -

238 1566 363 1649 τὴν
408 1564 594 1648 ἰδέην
637 1563 747 1630 καὶ
795 1562 1118 1651 ὁκόσηΙτις
1163 1567 1237 1630 τὸ
1283 1563 1596 1648 μέγεθος·
1644 1564 1802 1630 οὐδὲ
1847 1566 1972 1649 γὰρ
2021 1567 2080 1631 εἰ
2116 1565 2226 1630 πέ-
2263 1578 2366 1626 202

240 1676 528 1756 φλασται
565 1672 606 1755 ἢ
643 1673 730 1756 μὴ
767 1672 1154 1756 πέφλασται,
1192 1669 1443 1736 ἐόντων
1480 1670 1959 1755 πεφλασμένων
1993 1670 2103 1736 καὶ
2139 1681 2261 1736 τοῦ

240 1787 450 1842 κακοῦ
497 1777 962 1862 γεγενημένου,
1008 1780 1260 1861 γίνεται
1306 1787 1523 1843 τοῖσιν
1568 1776 2027 1861 ὀφθαλμοῖσιν
2069 1800 2262 1843 κατα-
2290 1803 2340 1844 15

242 1885 451 1969 φανὲς
517 1885 686 1950 ἰδεῖν
751 1885 985 1950 αὐτίκα
1056 1885 1217 1970 μετὰ
1287 1885 1410 1969 τὴν
1481 1895 1747 1970 τρῶσιν,
1822 1884 2037 1969 ὥσπερ
2103 1884 2263 1950 οὐδὲ

237 2002 375 2056 τῶν
422 1990 737 2077 ῥωγμέων
783 1989 954 2056 ἔνιαι
1001 1991 1149 2068 ἑκὰς
1194 1990 1429 2057 ἑοῦσαί
1466 2014 1538 2056 τε
1584 1990 1692 2056 καὶ
1738 1990 2105 2076 ἐρρωγότος
2139 2000 2264 2056 τοῦ

241 2097 499 2163 ὀστέου.

375 2205 434 2267 6.
475 2203 832 2288 Ἐσφλᾶται
868 2206 943 2270 τὸ
983 2204 1214 2270 ὀστέον
1251 2204 1324 2269 ἐκ
1360 2213 1474 2288 τῆς
1513 2204 1522 2288 Ι
1564 2205 1805 2289 φύσιος
1840 2214 1953 2287 τῆς
1981 2203 2232 2292 ἑωυτοῦ
2262 2215 2365 2268 2Q4

238 2313 366 2375 ἔσω
414 2313 545 2375 σὺν
588 2311 956 2396 ρωγμῇσιν·
1004 2312 1215 2388 ἄλλως
1260 2312 1386 2396 γὰρ
1425 2310 1547 2376 οὐκ
1585 2309 1669 2375 ἂν
1706 2309 2139 2393 ἐσφλασθείη·
2184 2312 2258 2375 τὸ
2289 2336 2341 2376 20

237 2418 366 2501 γὰρ
416 2415 864 2501 ἐσφλώμενον,
920 2416 1519 2502 ἄπορρηγνύμενόν
1571 2440 1641 2481 τε
1695 2415 1803 2480 καὶ
1859 2416 2261 2500 καταγνύμε-

385 2650 413 2698 1
454 2644 808 2716 βαθύτεραι.
839 2644 900 2698 αἱ
936 2643 999 2699 δὲ
1037 2644 1093 2707 ἐς
1124 2645 1189 2699 τὸ
1227 2642 1279 2696 V
1485 2650 1532 2698 2.
1584 2650 1615 2697 3
1658 2644 1755 2697 καὶ
1799 2638 1969 2709 ἧσσον
2008 2683 2019 2694 .
2053 2684 2064 2696 .
2149 2641 2257 2697 ὀστ.

237 2733 346 2770 om.
378 2715 559 2781 codd„
596 2715 724 2768 add.
762 2715 894 2769 Litt.
1003 2718 1214 2769 θλασθ.
1244 2714 1366 2769 Gal.
1405 2714 1465 2768 in
1494 2715 1587 2768 cit.
1626 2715 1840 2784 (comm.
1873 2714 1943 2768 de
1972 2712 2063 2767 off.
2092 2714 2259 2783 med)

237 2786 422 2840 XVIII
456 2787 502 2839 B
533 2792 635 2840 672
778 2793 813 2840 4
851 2788 983 2840 ante
1021 2785 1131 2840 ὀστ.
1171 2785 1301 2838 add.
1338 2785 1402 2840 τὸ
1439 2785 1492 2839 V
1632 2783 1800 2853 μένον
1838 2801 1943 2840 om.
1981 2784 2047 2850 V,
2087 2782 2263 2875 μόνον

237 2857 361 2912 Gal.
400 2856 538 2911 ibid
686 2856 748 2913 ἐν
785 2873 890 2911 om.
931 2856 980 2910 V
1138 2864 1170 2910 6
1205 2854 1413 2925 τρόπος
1446 2854 1559 2921 BV,
1598 2872 1704 2911 om.
1744 2856 1891 2926 vulg.
2048 2861 2079 2910 7
2118 2854 2259 2927 γίγν.

235 2928 283 2981 Β
412 2933 444 2981 9
484 2927 558 2983 οὐ
590 2945 695 2983 om.
733 2928 786 2983 V
932 2934 993 2981 11
1035 2928 1102 2983 οὐ
1141 2944 1245 2981 om.
1288 2927 1338 2980 V
1459 2946 1702 2983 τουτεων
1739 2926 1784 2980 Β
1893 2924 2161 2996 οὐδεμίαν
2197 2929 2260 2993 Β,

238 2998 374 3054 οὐδὲ
410 2997 547 3069 μίαν
584 2998 654 3066 V,
691 3000 823 3055 οὐδε
866 2996 925 3053 ἰα
961 2999 1110 3068 vulg
1281 3004 1347 3052 12
1387 2996 1568 3054 ἰδόντι
1603 2997 1656 3052 V
1798 2997 2178 3068 ὀφθαλμοῖσιν
2214 2999 2260 3051 Β

312 3069 402 3124 ὁπ.
432 3069 485 3124 V
595 3042 776 3123 1213
843 3088 977 3125 στιν.
1016 3069 1052 3138 ἡ
1090 3068 1151 3125 δὲ
1186 3086 1288 3138 pro
1329 3068 1441 3123 ἐστι
1466 3069 1570 3138 τὴν
1598 3067 1754 3158 ἰδέην
1793 3069 1983 3140 (vulg)
2011 3069 2073 3134 B,
2113 3071 2261 3125 ἐστιν

233 3140 589 3211 τὴνῖδηνῩ
698 3140 973 3195 ladmv
1077 3140 1394 3204 zacoan
1511 3138 1648 3208 1435
1614 3140 2072 3210 naha-,omV
2140 3140 2262 3196 ἐον-

235 3216 462 3280 τεπεφλ.
480 3212 572 3278 Βῑ,
598 3220 711 3266 τῶν
740 3210 1064 3294 (ὀστέωνῖ)
1047 3230 1084 3267 1.
1103 3230 1176 3266 m.
1198 3211 1272 3263 Β*
1354 3209 1560 3267 ἐόντων
1586 3230 1645 3265 τε
1671 3230 1729 3266 π.
1759 3211 1919 3281 NPq.
2024 3217 2088 3265 15
2118 3209 2259 3280 γίγν.

236 3283 286 3335 Β
395 3282 742 3353 ὀφθαλμοῖσι
777 3281 831 3335 V
973 3287 1038 3336 17
1078 3299 1468 3337 εκασεαιουσαι
1502 3283 1566 3349 Β,
1606 3280 1735 3345 ἑκὰς
1772 3282 1811 3336 ἐ.
1851 3282 1927 3348 V,
1972 3282 2084 3335 huc
2119 3281 2263 3335 refe-

234 3355 373 3406 runt
407 3302 661 3409 (ἱειΙθῃὶμο
645 3354 796 3422 (Lex
835 3353 1004 3433 Hipp
1042 3372 1095 3423 p
1128 3358 1195 3406 94
1215 3353 1329 3435 K)
1370 3353 1395 3407 ἐ
1398 3352 1561 3421 yades,
1614 3352 1673 3409 ἐν
1720 3351 1890 3425 βάθει
1935 3353 2163 3406 Foesius
2200 3353 2261 3405 in

239 3423 442 3480 Oecon.
480 3443 536 3494 p.
568 3429 672 3479 176
709 3427 767 3478 et
803 3425 877 3479 L.
905 3425 1222 3479 Dindorfius
1259 3424 1321 3477 in
1357 3423 1519 3477 Thes,
1541 3422 1594 3477 1.
1635 3441 1688 3493 g.
1728 3441 1770 3477 s,
1807 3442 1856 3476 v,
1897 3422 1923 3476 ἐ
1924 3421 2062 3491 γκάς
2200 3440 2259 3471 τε

240 3495 371 3550 add.
392 3496 508 3564 BV,
544 3512 651 3573 0111.
679 3495 829 3565 vulg.
956 3501 1023 3551 20
1062 3495 1187 3550 εἴσω
1217 3495 1263 3548 Β
1374 3499 1437 3547 21
1475 3495 1606 3548 ante
1644 3495 1843 3560 ἀπορρ.
1884 3492 2010 3545 add.
2051 3488 2174 3543 εἴσω
2213 3488 2258 3538 Β
