2588 3876
1021 890 1505 960 MOXAIKON.

383 1073 438 1149 1,
500 1069 775 1136 Ὀστέων
812 1072 1041 1155 φύσις·
1089 1050 1435 1138 δακτύλων
1473 1073 1596 1155 μὲν
1633 1072 1806 1138 ἁπλᾶ
1843 1074 1951 1138 καὶ
1993 1072 2186 1138 ὀστέα
2216 1058 2294 1133 IV
2314 1075 2482 1131 3401,

249 1180 358 1243 καὶ
405 1180 658 1264 ἄρθρα,
702 1179 920 1264 χειρὸς
965 1174 1038 1243 δὲ
1083 1180 1193 1244 καὶ
1238 1180 1446 1255 ποδὸς
1490 1180 1731 1262 πολλά,
1777 1181 1944 1244 ἄλλοι
1991 1179 2269 1256 ἀλλοίως

250 1283 802 1370 συνηρθρωμένοι·
866 1284 1141 1369 μέγιστα
1195 1286 1269 1351 δὲ
1323 1287 1404 1351 τὰ
1449 1286 1778 1351 ἀνωτάτω.
1867 1285 2150 1371 πτέρνης
2194 1286 2269 1351 δὲ

249 1389 351 1475 ἕν,
399 1382 548 1456 οἷον
592 1387 845 1468 ἔξωθεν
892 1393 1223 1475 φαίνεται·
1270 1394 1437 1477 πρὸς
1482 1390 1557 1459 δὲ
1603 1394 1812 1477 αὐτὴν
1857 1394 1921 1459 οἱ
1968 1392 2266 1458 ὀπίσθιοι

247 1496 548 1575 τένοντες
584 1500 895 1563 τείνουσι.
976 1501 1228 1582 κνήμης
1263 1495 1338 1563 δὲ
1376 1500 1499 1564 δύο
1529 1502 1797 1566 ἄνωθεν
1821 1500 1931 1565 καὶ
1967 1500 2268 1564 κάτωθεν
2322 1523 2347 1564 5

249 1607 684 1689 συνεχόμενοι,
729 1607 894 1670 κατὰ
938 1604 1143 1687 μέσον
1189 1606 1264 1670 δὲ
1302 1605 1606 1690 διέχοντα
1643 1609 1950 1693 σμικρόν·
2005 1607 2079 1670 τὸ
2118 1604 2268 1684 ἔξω-

246 1717 375 1776 θεν
433 1713 596 1776 κατὰ
655 1712 773 1776 τὸν
832 1713 1117 1798 σμικρὸν
1175 1713 1507 1777 δάκτυλον
1570 1715 1965 1797 λεπτότερον
2017 1715 2268 1798 βραχεῖ,

248 1822 560 1883 πλεῖστον
605 1818 680 1883 δὲ
723 1819 928 1905 ταύτῃ
968 1820 1279 1903 διεχούσῃ
1318 1819 1425 1883 καὶ
1464 1818 1858 1905 σμικροτέρῃ
1897 1818 2066 1906 ῥοπῇ
2103 1819 2268 1905 κατὰ

247 1926 446 2009 γόνυ,
510 1926 619 1990 καὶ
680 1924 715 1992 ὁ
774 1924 985 1992 τένων
1044 1924 1110 2004 ἐξ
1172 1926 1380 1992 αὐτοῦ
1434 1925 1760 2012 πέφυκεν,
1824 1925 1860 1992 ὁ
1915 1925 2091 2012 παρὰ
2146 1926 2268 2009 τὴν

250 2022 491 2115 ἰγνύήν
527 2029 666 2110 ἔξω.
741 2036 966 2118 έχουσι
1005 2030 1078 2099 δὲ
1113 2035 1419 2099 κάτωθεν
1455 2036 1692 2118 κοινὴν
1728 2032 2069 2119 ἐπίφυσιν,
2105 2033 2269 2118 πρὸς
2296 2059 2351 2098 ιο

246 2128 291 2221 ᾗ
328 2137 363 2202 ὁ
402 2139 571 2214 ποὺς
605 2149 908 2204 κινεῖται·
969 2140 1178 2224 ἄλλην
1215 2139 1275 2206 δ’
1321 2142 1590 2205 ἄνωθεν
1625 2137 1893 2224 ἔχουσιν
1929 2137 2267 2225 ἐπίφυσιν,

248 2242 324 2309 ἐν
357 2235 401 2328 ᾗ
437 2234 510 2309 τὸ
547 2253 667 2310 τοῦ
703 2254 917 2330 μηροῦ
955 2247 1219 2332 ἄρθρον
1251 2258 1560 2331 κινεῖται,
1606 2247 1858 2313 ἁπλόον
1893 2231 2003 2311 κοιὶ
2040 2245 2268 2311 εὐστα-

250 2346 358 2427 λὲς
403 2351 492 2427 ὡς
536 2348 642 2415 ἐπὶ
687 2354 910 2435 μήκει·
975 2348 1153 2429 εἶδος
1196 2355 1642 2435 κονδυλῶδες,
1687 2350 1845 2438 ἕχον
1888 2351 2267 2433 ἐπιμυλίὸα·

251 2456 448 2533 αὐτὸς
507 2455 566 2521 δ’
611 2454 927 2543 ἔγκυρτος
984 2456 1107 2537 ἔξω
1166 2458 1277 2525 καὶ
1331 2457 1740 2546 ἔμπροσθεν·
1802 2459 1841 2543 ἡ
1897 2459 1972 2524 δὲ
2017 2458 2279 2542 κεφαλὴ,

250 2560 563 2647 ἐπίφυσίς
606 2562 746 2629 ἐστι
793 2568 1197 2650 στρογγύλη,
1252 2564 1318 2643 ἐξ
1375 2562 1454 2650 ἧς
1505 2567 1581 2630 τὸ
1636 2573 1882 2651 νεῦρον
1937 2565 2014 2629 τὸ
2071 2562 2146 2629 ἐν
2188 2573 2267 2649 τῇ
2298 2589 2350 2631 15

249 2671 493 2755 κοτύλῃ
539 2679 662 2735 τοῦ
702 2672 919 2755 ἰσχίου
953 2671 1277 2755 πέφυκεν·
1342 2673 1761 2756 ὑποπλᾶγιον
1807 2668 1880 2736 δὲ
1927 2671 2034 2736 καὶ
2072 2679 2268 2735 τοῦτο

248 2780 725 2862 προσήρτηται,
770 2773 980 2861 ἧσσον
1016 2779 1091 2844 δὲ
1127 2781 1497 2864 βραχίονος.
1570 2780 1644 2844 τὸ
1684 2776 1740 2844 δ’
1790 2762 2008 2862 ἰσχίον
2041 2778 2270 2862 προσί-

253 2900 474 2971 σχετοιι
519 2885 686 2969 πρὸς
729 2891 820 2971 τῷ
866 2885 1126 2973 μεγάλῳ
1182 2887 1543 2974 σφονδύλῳ
1598 2886 1673 2951 τὸ
1730 2886 1908 2970 παρὰ
1958 2885 2032 2949 τὸ
2090 2883 2271 2974 ἱερὸν

394 3046 423 3094 1
465 3039 596 3109 Cap.
641 3045 668 3093 1
707 3040 839 3094 hinc
876 3040 1179 3111 seiungunt
1215 3042 1273 3095 et
1310 3042 1385 3096 ad
1419 3041 1675 3097 libellum
1713 3043 1784 3096 de
1820 3042 2025 3095 natura.
2061 3041 2270 3095 ossium

248 3110 501 3165 referunt
534 3110 694 3164 Lind.
733 3110 880 3165 Erm.
993 3116 1024 3164 2
1061 3111 1276 3166 πουλλὰ
1312 3113 1372 3166 Μ
1479 3119 1511 3167 3
1550 3115 1687 3183 ξυνη
1692 3117 1820 3181 (³¹99-
1857 3112 1944 3182 M,
1981 3128 2026 3167 σ.
2067 3113 2170 3166 cet.

249 3181 321 3236 τὰ
356 3182 478 3249 HJ,
515 3186 591 3254 τῷ
629 3181 688 3234 M
803 3188 837 3235 4
877 3181 1062 3238 ἐνοῖον
1098 3182 1159 3235 Μ
1266 3183 1479 3248 ἔξωθεν
1516 3184 1605 3252 M,
1639 3184 1742 3249 ἔξω
1779 3184 1883 3239 cet.
2010 3188 2046 3242 6
2088 3184 2267 3256 ξυνεχ.

252 3253 413 3307 codd.
578 3258 610 3306 8
667 3256 923 3308 πλεῖστον
979 3253 1041 3309 δὲ
1078 3253 1215 3345 „;(⁸01
1274 3254 1494 3325 λεπτόν)
1547 3255 1755 3327 ταυτῃ,
1829 3247 1951 3329 (ᾖ)
2007 3249 2283 3376 «Reginam,

249 3316 372 3398 (ᾗ)
439 3323 536 3378 καὶ
570 3323 916 3463 ἥσμικρθτέρη
970 3324 1006 3393 ἡ
1064 3322 1240 3394 ῥοπή
1305 3346 1353 3379 κ·
1414 3349 1463 3396 y
1520 3326 1648 3381 Wb
1804 3346 1932 3395 μρικ
1937 3345 2014 3379 ov.

250 3401 316 3448 11
364 3389 500 3461 ἧΜ
608 3394 825 3466 vvulg.
972 3395 1134 3451 κινέε.
1182 3395 1270 3450 bis
1318 3398 1480 3451 codd.
1663 3402 1852 3450 1213
1900 3396 2154 3456 εὐσταλὲς
2198 3395 2272 3456 ὡς

250 3465 415 3535 Lim,
472 3414 775 3528 εὐπαλέως
809 3466 869 3519 Μ
906 3467 1055 3538 vulg.
1096 3467 1164 3522 cf.
1204 3487 1260 3521 π.
1302 3470 1428 3538 ἀγμ.
1467 3487 1521 3537 p.
1556 3474 1674 3536 101,
1706 3473 1773 3522 16
1891 3467 1896 3476 “
1954 3472 2020 3520 13
2076 3465 2270 3533 ἐπιμν-

250 3541 396 3640 λήὸα
434 3572 494 3625 Μ
655 3577 719 3624 17
765 3559 1097 3644 προσέχετει
1108 3574 1165 3626 Μ
1313 3579 1378 3628 18
1429 3578 1626 3643 σφονδ.
1665 3573 1875 3639 ubique
1913 3571 1993 3638 M,
2033 3587 2121 3626 σπ.
2163 3572 2276 3623 (ze‘c.⁴
