2588 3876
324 141 450 206 148
814 142 989 193 ΠΕΡΙ
1022 125 1313 193 Amnem
1349 141 1707 193 ΕΜΒοΑΗΣ
1745 143 1812 192 30

320 314 441 371 τοῦ
487 303 961 386 ὀλισθήματος,
1007 303 1117 367 καὶ
1161 311 1281 368 τοῦ
1330 300 1568 368 ὀστέου
1602 303 1678 368 τὸ
1722 302 2024 388 κόρωνὸν
2068 300 2349 386 ὀγκηρό-

322 435 517 497 τερον
575 412 881 496 φαίνεται
938 410 1116 494 παρὰ
1173 410 1298 493 τὴν
1356 409 1494 475 ἄνω
1551 409 1847 493 γνάθον,
1892 407 2006 473 καὶ
2050 413 2352 493 χαλεπῶς

329 518 785 601 συμβάλλουσι
829 517 945 592 τὰς
989 517 1307 599 γνάθους.
1396 517 1662 593 τούτοις
1703 514 1948 601 ἐμβολὴ
1992 517 2350 600 πρόδηλος,

328 627 470 710 ἥτις
495 622 730 709 γίνοιτ’
777 622 863 689 ἂν
900 623 1304 708 ἁρμόζουσα·
1363 625 1488 710 χρὴ
1523 626 1654 709 γὰρ
1687 624 1806 690 τὸν
1839 621 1965 707 μέν
2000 646 2153 688 τινα
2196 645 2351 686 κατ-

273 758 298 799 5
327 731 502 818 ε’χειν
554 731 678 815 τὴν
741 731 1039 815 κεφαλὴν
1089 740 1211 795 τοῦ
1268 729 1706 816 τετρωμένου,
1771 730 1890 795 τὸν
1944 725 2020 794 δὲ
2082 733 2353 814 περιλα-

325 842 531 924 βόντα
574 839 697 922 τὴν
741 838 917 902 κάτω
952 837 1217 921 γνάθον
1259 837 1372 902 καὶ
1416 833 1676 903 ἔσωθεν
1718 838 1829 902 καὶ
1874 833 2130 914 ἔξωθεν
2173 846 2356 900 τοῖσι

326 947 711 1011 δακτύλοισι
754 945 918 1009 κατὰ
962 945 1036 1009 τὸ
1082 939 1372 1028 γένειον,
1420 944 1781 1028 χάσκοντος
1821 952 1943 1009 τοῦ
1983 943 2355 1028 ἀνθρώπου

326 1053 487 1118 ὅσον
531 1054 810 1138 μετρίως
847 1052 1161 1135 δύναται,
1203 1061 1468 1137 πρῶτον
1512 1047 1636 1133 μὲν
1672 1052 2000 1115 διακινεῖν
2033 1052 2158 1135 τὴν
2192 1049 2359 1133 γνά-

325 1167 460 1226 θον
504 1162 753 1246 χρόνον
794 1157 972 1241 τινα,
1028 1167 1107 1243 τῇ
1152 1159 1266 1226 καὶ
1309 1166 1388 1243 τῇ
1433 1157 1818 1244 παράγοντα
1860 1165 1939 1242 τῇ
1985 1159 2185 1243 χειρί,
2243 1158 2361 1222 καὶ

247 1294 302 1335 10
327 1267 535 1332 αὐτὸν
587 1267 709 1331 τὸν
768 1266 1132 1356 ἄνθρωπον
1199 1265 1496 1329 κελεύειν
1554 1266 1849 1350 χαλαρὴν
1906 1266 2030 1349 τὴν
2088 1263 2360 1347 γνάθον

330 1376 507 1458 ἔχειν
568 1373 677 1436 καὶ
742 1370 1197 1456 συμπαραγειν
1259 1372 1370 1436 καὶ
1435 1371 1828 1437 συνδιδόναι
1890 1371 1979 1447 ὡς
2042 1371 2361 1454 μάλιστα·

328 1475 564 1544 ἔπειτακ
585 1476 894 1562 ἐξαπίνης
929 1478 1166 1562 σχάσαι
1202 1479 1379 1563 τρισὶ
1417 1480 1700 1563 σχήμασι
1738 1477 1906 1559 ὁμοῦ
1941 1475 2363 1563 προσέχοντα

325 1586 447 1650 τὸν
488 1587 674 1651 νόον·
723 1585 826 1649 δεῖ
869 1580 994 1667 μὲν
1040 1586 1167 1670 γὰρ
1213 1584 1631 1670 παράγεσθαι
1677 1582 1751 1649 ἐκ
1794 1593 1908 1667 τῆς
1946 1585 2363 1671 διαστροφῆς

327 1691 395 1769 ἐς
439 1693 559 1776 τὴν
606 1692 836 1776 φύσιν,
884 1693 986 1755 δεῖ
1031 1687 1107 1755 δὲ
1152 1689 1218 1767 ἐς
1263 1691 1555 1758 τούπίσω
1604 1690 2000 1774 ἀπωσθῆναι
2036 1692 2159 1774 τὴν
2194 1692 2364 1774 γνοί-

251 1825 303 1866 15
329 1806 464 1865 θον
507 1799 631 1882 τὴν
674 1799 879 1882 κάτω,
936 1799 1038 1862 δεῖ
1093 1798 1134 1862 δ
1136 1793 1167 1862 ὲ
1223 1795 1544 1881 ἑπόμενον
1596 1798 1891 1866 τούτοισι
1947 1798 2364 1880 συμβάλλειν

329 1907 446 1983 τὰς
490 1906 789 1990 γνάθους
842 1905 951 1970 καὶ
1005 1905 1094 1990 μὴ
1140 1905 1426 1990 χάσκειν.
1518 1903 1761 1990 ἐμβολὴ
1816 1903 1939 1988 μὲν
1994 1898 2122 1970 οὖν
2166 1902 2362 1988 αὕτη,

326 2014 441 2079 καὶ
486 2013 607 2079 οὐκ
661 2012 746 2078 ἂν
790 2010 1052 2096 γένοιτο
1099 2010 1206 2077 ἀπ)
1253 2014 1474 2077 ἄλλων
1520 2013 1884 2097 σχημάτων.
1979 2013 2231 2097 ἰητρείη
2282 2009 2363 2077 δὲ

331 2123 605 2205 βραχεῖα
624 2118 834 2203 ἀρκεῖ·
866 2124 1122 2202 σπλῆνα
1148 2117 1594 2205 προστιθέντα
1621 2117 2080 2205 κεκηρωμένον
2097 2122 2372 2207 χαλαρῷ

331 2222 658 2313 ἐπιδέσμςο
723 2223 993 2290 ἐπιδεῖν.
1102 2223 1597 2312 ἀσφαλέστερον
1660 2227 1734 2291 δὲ
1804 2229 2112 2311 χειρίζειν
2175 2222 2366 2291 ἐστὶν

253 2360 306 2400 εο
331 2331 573 2398 ὕπτιον
634 2335 1113 2401 κατακλίναντα
1174 2332 1296 2399 τὸν
1360 2333 1753 2418 ἄνθρωπον,
1826 2330 2172 2417 ἐρείσαντα
2234 2334 2366 2417 τὴν

329 2439 628 2524 κεφαλὴν
682 2439 889 2505 αὑτοῦ
945 2426 1053 2505 ἐπὶ
1115 2442 1433 2545 σκυτίνου
1497 2439 1995 2524 ὑποκεφαλαίου
2051 2440 2142 2515 ὡς
2193 2443 2367 2523 πλη-

476 2602 523 2650 1.
565 2602 595 2649 2
634 2596 891 2687 ὀγκηρὸν
914 2595 1018 2665 Ap.
1182 2603 1213 2650 2
1253 2594 1470 2667 γίνεται
1504 2597 1650 2666 ΒΑΡ
1770 2593 1887 2687 byv.
1914 2600 1968 2650 Γ
2069 2596 2198 2664 περὶ
2235 2595 2292 2650 V

335 2673 366 2721 3
404 2668 510 2737 ξυμ
472 2669 712 2806 “gig-v
599 2668 670 2733 B,
710 2684 818 2736 συμ
855 2666 1085 2723 άλουσιν
1116 2671 1169 2720 Γ
1269 2670 1401 2721 ante
1438 2667 1607 2739 γνάθ.
1613 2614 1776 2721 Ρὸᾶέ.
1815 2665 1963 2722 κάτω
2002 2666 2123 2720 MV
2228 2667 2368 2721 τοὺ-

331 2757 475 2793 τοισι
967 2758 1186 2800 τουτοις
1206 2735 1343 2830 Ἡοὺν
1365 2740 1405 2794 ἐ.
1437 2758 1537 2808 μεν
1573 2757 1666 2806 πρ.
1701 2742 1753 2791 Γ
1889 2744 1923 2791 4
1962 2737 2051 2807 οἴη
2079 2756 2164 2799 τις
2193 2738 2365 2827 FAp.

438 2807 687 2881 γίγνεται
725 2811 851 2879 ἀρμ.
845 2738 949 2862 VP
1055 2807 1163 2880 ylv.
1203 2806 1275 2863 αν
1314 2809 1731 2878 ἅρμ.0111.ΑΡ.
1816 2809 2089 2880 χρὴ..
2132 2809 2206 2870 ὡς
2255 2808 2368 2879 μοὶ·

336 2884 492 2934 λιστα
531 2883 640 2952 (11)
679 2883 881 2935 om.1“'
989 2900 1117 2935 τινα
1172 2897 1276 2933 om.
1317 2880 1421 2950 Ap.
1567 2885 1599 2932 5
1655 2888 1754 2935 τοῦ
1799 2899 1939 2948 τετρ.
1989 2896 2095 2933 om.
2144 2880 2252 2948 Ap.

337 2958 369 3005 6
405 2961 524 3013 τοῖς
559 2952 604 3004 Β
751 2957 798 3005 8.
839 2957 870 3004 9
908 2951 1011 3020 τὴν
1049 2972 1132 3022 γν.
1173 2968 1278 3004 om.
1319 2951 1465 3004 Erm
1613 2956 1645 3004 9
1682 2950 1837 3021 prius
1873 2959 1941 3024 τῇ
1980 2968 2085 3005 om.
2126 2951 2231 3020 Ap.

339 3028 401 3075 11
443 3022 590 3093 ἔχειν
626 3024 726 3078 καὶ
762 3040 867 3077 om.
907 3022 1012 3092 Ap
1123 3023 1188 3087 ξυ
1191 3042 1359 3092 μ.παρ
1402 3023 1459 3076 et
1494 3022 1709 3087 ξυνδιδ.
1748 3022 1793 3074 Β
2082 3021 2370 3090 σήμασιν

336 3091 456 3146 MV
563 3094 776 3148 σπασαι
822 3094 903 3156 εἰς
945 3043 1228 3148 τούπίσωμ
1239 3095 1337 3148 καὶ
1386 3092 1666 3163 ἀναλήψει
1715 3092 1935 3165 γενείου
1958 3028 2166 3162 1τ’ρισῖ
2219 3093 2370 3164 ὁμοῦ

338 3162 609 3235 σχήμασιν
636 3166 742 3235 Ap.
873 3170 938 3218 13
976 3165 1080 3236 χρὴ
1110 3164 1233 3218 MV
1322 3163 1751 3235 παραγενέσθαι
1767 3167 1873 3234 ΑΡ.
1968 3166 2286 3233 διατροφῆς
2313 3165 2371 3218 V

480 3240 544 3288 15
584 3240 675 3291 δεῖ
708 3237 813 3290 δὲ.
891 3238 1024 3290 ,δεῖ
1056 3236 1117 3291 δὲ
1156 3253 1260 3289 om.
1301 3238 1404 3306 Ap.
1513 3236 1732 3299 τούτοις
1775 3235 2025 3307 ξυμβ.Β
2141 3235 2374 3300 τούτοις

338 3304 435 3358 καὶ
471 3307 627 3428 συμέῗ.
666 3307 770 3375 ΑΡ.
883 3307 925 3360 ὦ
964 3304 1020 3360 δ’
1054 3307 1189 3361 εἰπω
1194 3326 1294 3381 μεν
1324 3308 1384 3363 ἐν
1410 3307 1587 3361 τούτω
1617 3324 1664 3360 σ.
1693 3327 1738 3360 τ.
1769 3328 1817 3377 γ.
1848 3327 1897 3360 κ.
1928 3326 1980 3376 μ.
2012 3327 2059 3377 χ.
2097 3308 2165 3361 ub
2190 3307 2372 3362 verba

340 3374 540 3428 Galeni
599 3378 660 3428 at
679 3381 732 3428 Γ
826 3383 891 3430 16
921 3377 1152 3448 ἐμβολη.
1194 3328 1684 3541 .ὑπείκῃ<Ρ.Μ
1573 3383 1691 3444 149,
1712 3383 1739 3431 1
1792 3394 1897 3431 om.
1932 3383 1986 3432 Γ
2080 3383 2146 3431 17
2176 3377 2369 3449 ἰητρίη

338 3445 385 3497 Β
531 3451 596 3499 18
653 3446 881 3518 βραχείη
935 3448 1006 3514 Β,
1062 3398 1179 3502 -εἰα
1215 3447 1267 3501 V
1383 3451 1491 3518 ἀρκ
1522 3469 1571 3504 ει
1902 3454 1966 3502 19
2014 3458 2371 3522 χειρονργεῖν

340 3514 444 3584 Ap.
581 3522 649 3570 20
687 3515 1094 3573 κατακλίνοντα
1128 3519 1233 3588 Ap.
1332 3525 1438 3574 21
1477 3527 1590 3575 ϋπο
1629 3537 1709 3575 σκ.
1750 3519 1893 3575 ἐπικ.
1933 3521 2037 3590 Ap
