2588 3876
932 164 1331 215 MOXAIKON
1369 166 1452 215 35.
1485 168 1551 217 36
2122 162 2255 227 265

2227 272 2233 303 ι

234 325 301 388 αἱ
343 320 469 405 μὲν
503 324 915 412 περιρρήξιες
949 335 1231 410 ταχεῖαι,
1278 326 1346 390 αἱ
1385 322 1459 390 δὲ
1495 336 1631 390 τῶν
1668 323 1918 391 ὀστέων
1954 325 2255 392 ἀποπτώ-

235 448 396 516 σιες,
432 423 476 515 ᾗ
511 430 596 495 ἂν
632 433 710 496 τὰ
748 432 899 519 ὅρια
933 441 1050 515 τῆς
1084 433 1404 510 ψιλώσιος
1439 425 1510 517 ᾗ,
1548 432 1753 516 ταύτῃ
1789 431 2364 516 ἀποπι’πτουσι,378

233 537 643 624 βραδύτερον
689 538 778 604 δέ.
870 540 992 626 χρὴ
1048 534 1122 605 δὲ
1175 540 1256 603 τὰ
1310 536 1669 627 κατωτΙέρω
1723 549 1844 604 τοῦ
1899 541 2241 625 τρώματας

233 645 342 709 καὶ
407 653 527 709 τοῦ
590 646 889 730 σώματος
946 654 1067 712 τοῦ
1125 645 1351 729 ὑγιέος
1406 655 1895 731 προσαφαιρεῖν
1952 684 2041 693 -
2098 668 2258 732 προ-

235 752 520 834 θνήσκει
565 753 690 839 γὰρ
739 790 822 800 --
872 754 1384 836 φυλασσόμενον
1439 752 1718 837 ὀδύνην·
1777 754 1911 835 ἅμα
1956 755 2080 839 γὰρ
2128 757 2257 819 λει-
2311 780 2338 820 ε

234 860 533 944 ποθυμίῃ
587 861 979 943 θνήσκουσι.
1059 946 1064 953 ι
1070 868 1287 945 μηροῦ
1343 858 1579 925 ὀστέον
1624 857 1695 924 ἐκ
1748 860 2058 924 τοιούτου
2104 860 2259 925 ἀπε-

235 966 415 1050 λύθη
462 966 1007 1050 ὀγδοηκοσταῖον,
1067 966 1103 1050 ἡ
1150 962 1224 1031 δὲ
1279 969 1494 1050 κνήμη
1550 965 1858 1051 ἀφῃρέθη
1905 968 2259 1051 εἰκοσταίη,

233 1073 483 1156 κνήμης
529 1072 603 1136 δὲ
647 1072 842 1138 ὀστέα
886 1073 1050 1138 κατὰ
1093 1072 1305 1157 μέσην
1359 1071 1744 1156 ἑξηκοσταῖα
1788 1072 2120 1157 ἀπελύθη·
2186 1071 2258 1138 ἐκ

234 1180 560 1244 τοιούτων
604 1181 768 1263 ταχὺ
814 1178 924 1244 καὶ
970 1177 1268 1266 βραδέως
1315 1181 1381 1244 αὶ
1417 1177 1659 1257 πιέξιες
1696 1181 1770 1244 αἱ
1804 1181 2107 1264 ἰητρικαί.
2179 1181 2259 1244 τὰ

237 1284 295 1351 δ’
353 1288 519 1350 ἄλλα
573 1284 694 1350 ὅσα
748 1286 1106 1371 ἡσυχαίως,
1166 1288 1246 1350 τὰ
1301 1286 1424 1368 μὲν
1479 1284 1675 1351 ὀστέα
1729 1286 1853 1351 οὐκ
1908 1286 2257 1352 ἀποπίπτει
2290 1315 2343 1354 ιο

236 1387 397 1457 οὐδὲ
454 1403 718 1475 σαρκῶν
762 1398 1103 1477 ψιλοῦται,
1177 1391 1321 1457 ἀλλ’
1385 1391 1900 1478 ἐπιπολαιότερα.
1982 1393 2260 1478 προσδέ-

236 1506 476 1584 χεσθαι
540 1508 746 1563 ταῦτα
817 1501 971 1584 χρή·
1052 1500 1133 1564 τὰ
1195 1500 1322 1584 γὰρ
1387 1503 1659 1564 πλεῖστα
1723 1501 2148 1586 φοβερώτερα
2219 1500 2259 1584 ἢ

234 1608 460 1672 κακίω.
552 1606 592 1690 ἡ
648 1612 821 1689 ἴησις
865 1615 1130 1691 πρηεῖα,
1185 1604 1435 1690 θέρμῃ,
1491 1606 1710 1692 διαίτῃ
1766 1606 2057 1691 ἀκριβεῖ·
2121 1610 2262 1671 κίν-

236 1715 444 1789 δυνος
479 1698 950 1798 αἱμορραγιῶν,
994 1712 1256 1795 ψύχεος.
1342 1713 1634 1797 σχήματά
1669 1736 1738 1777 τε
1777 1713 1866 1789 ὡς
1899 1709 2023 1795 μὲν
2059 1712 2260 1797 ἀνάρ-

234 1841 439 1906 ροπα,
487 1815 709 1884 ἔπειτα
752 1818 1154 1895 ὑποστάσιος
1210 1818 1390 1883 πύου
1438 1820 1656 1885 εἵνεκα
1715 1816 1781 1895 ἐξ
1835 1825 1986 1884 ἴσου
2046 1819 2087 1904 ἢ
2138 1819 2260 1884 ὅσα
2289 1846 2342 1886 15

235 1925 579 2012 συμφέρει.
653 1923 759 1992 ἐπὶ
796 1935 970 1992 τοῖσι
1007 1925 1371 1992 τοιούτοισι
1399 1927 1512 1992 καὶ
1538 1924 1643 1992 ἐπὶ
1672 1936 1844 1992 τοῖσι
1873 1931 2261 2008 μελασμοῖσι

235 2035 691 2118 αἱμορραγίαι·
748 2034 1163 2120 δυσεντερίαι
1209 2034 1361 2117 περὶ
1405 2036 1630 2120 κρίσιν
1666 2034 1901 2121 λάβροι
1936 2033 2079 2118 μέν,
2125 2033 2261 2098 ὀλι-

233 2141 511 2227 γήμεροι
559 2139 660 2204 δέ·
706 2140 830 2206 οὐκ
867 2139 1167 2205 ἀπόσιτοι
1213 2139 1375 2205 οὐδὲ
1409 2140 1588 2205 πάνυ
1625 2141 2057 2225 πυρετώδεες·
2103 2140 2267 2205 οὐδέ

231 2272 302 2312 τι
348 2245 839 2330 κενεαγγητέον.

372 2351 477 2417 36.
526 2350 833 2437 ‘'Tamm-
879 2354 919 2438 ἡ
957 2350 1079 2435 μὲν
1115 2355 1242 2418 ἔσω
1281 2351 1683 2430 ἐπιθάνατος
1719 2355 1944 2439 οὔρων
1982 2353 2260 2438 σχέσιος,
2290 2381 2346 2421 20

234 2459 762 2545 ἀποναρκωσιος·
825 2460 905 2525 τὰ
952 2460 1026 2525 δὲ
1080 2458 1233 2544 ἔξω,
1277 2461 1537 2525 τούτων
1590 2459 1822 2525 ἀσινέα
1865 2462 1947 2525 τὰ
1990 2466 2264 2525 πλεῖστα

232 2569 413 2632 πολὺ
470 2569 724 2647 μᾶλλον
778 2565 819 2649 ἢ
880 2567 1003 2632 ὅσα
1058 2566 1413 2631 σεισθέντα
1466 2567 1554 2650 μὴ
1610 2564 1861 2650 ἐξέστη·
1922 2567 2088 2632 αὐτὰ
2141 2563 2264 2648 μὲν

386 2693 412 2739 1
444 2685 691 2755 περιρήξ.
712 2687 772 2750 Μ
872 2693 903 2741 3
933 2686 1037 2759 χρὴ
1056 2686 1132 2755 Μ,
1161 2689 1253 2742 δεῖ
1269 2689 1374 2742 cet.
1475 2694 1511 2741 4
1540 2688 1638 2742 καὶ
1664 2695 1764 2741 τοῦ
1785 2688 1914 2757 σώμ.
1935 2708 1981 2742 τ.
2002 2688 2054 2742 ὑ.
2075 2704 2182 2742 om.
2201 2688 2265 2741 in

238 2758 415 2824 textm
446 2779 528 2828 γρ.
566 2779 615 2812 κ.
645 2777 689 2812 τ.
732 2766 861 2827 σῶμ.
901 2779 945 2813 τ.
975 2759 1026 2813 ὑ.
1057 2757 1468 2828 προάφαιρέειν
1505 2759 1541 2812 i.
1580 2773 1650 2812 m.
1691 2759 1781 2824 Μ,
1818 2758 2263 2828 προσαφαιρέειν

240 2851 291 2884 κ.
323 2848 368 2883 τ.
400 2829 530 2897 σώμ.
561 2848 606 2883 τ.
637 2830 686 2883 ὑ.
720 2831 822 2884 cet.
971 2836 1003 2884 ὅ
1042 2829 1491 2899 φυλασσόμενον·
1533 2829 1709 2902 ὀδύνῃ
1748 2830 1864 2898 ἅμα
1901 2851 1948 2899 γ.
1988 2833 2126 2885 λειπ.
2163 2834 2262 2884 θ’ν.

238 2901 339 2968 Pq.
450 2899 664 2969 ὀδύνην
700 2900 856 2955 Foes.
895 2901 955 2954 in
983 2900 1150 2968 notin,
1190 2900 1366 2970 ὀδύνη
1394 2901 1543 2970 vulg.
1665 2908 1713 2954 5.
1746 2906 1777 2954 6
1815 2906 1924 2955 λιπ.
1956 2901 2015 2954 Μ
2132 2905 2163 2953 6
2203 2901 2266 2955 ἐκ

240 2991 287 3025 τ.
327 2972 483 3028 ἀπελ.
523 2971 608 3037 Μ,
648 2972 802 3026 ἀπελ.
843 2972 903 3026 ἐκ
939 2992 984 3026 τ.
1025 2975 1129 3026 cet.
1232 2971 1531 3027 τοιουτέων
1569 2972 1728 3026 codd.
1857 2977 1889 3025 9
1927 2971 1989 3026 αἱ
2026 2973 2267 3042 ἰητρεῖαι

243 3042 334 3112 (cf.
364 3061 421 3096 π.
454 3042 586 3110 ἄρθ.
619 3042 684 3111 ἐμ
725 3085 735 3096 .
767 3060 811 3096 ο.
844 3046 933 3106 69)
969 3042 1272 3112 legendum
1300 3059 1421 3096 esse
1451 3043 1770 3111 suspicatur
1804 3043 1938 3097 Litt.
2041 3049 2106 3097 11
2145 3044 2266 3098 ἐπι-

241 3112 579 3182 πολαιότερα
615 3113 673 3166 Μ
745 3112 883 3180 ΗΚ,
930 3133 1025 3167 -ον
1061 3113 1160 3168 rel.
1200 3113 1360 3167 codd.
1491 3120 1557 3167 13
1595 3125 1772 3184 πρηῖα
1808 3115 1885 3182 Μ,
1919 3124 2128 3182 πραεῖα
2166 3116 2267 3168 aut

240 3181 449 3253 πραεία
476 3184 572 3238 rel.
604 3185 763 3239 codd.
856 3188 1040 3255 θερμῇ
1071 3185 1258 3251 codd„
1305 3182 1490 3258 θέρμῃ
1519 3185 1652 3240 Litt.
1756 3191 1823 3239 14
1850 3205 1909 3241 τε
1935 3186 2020 3255 Μ,
2066 3185 2131 3241 δὲ
2158 3187 2263 3239 cet.

321 3260 388 3309 16
426 3256 592 3325 ξυμφ.
634 3257 793 3310 codd.
884 3254 1219 3311 τοιουτέοισι
1255 3256 1415 3310 codd.
1509 3260 1831 3325 μελασμοῒσι
1867 3257 1951 3325 Μ,
1989 3278 2050 3313 -ν
2088 3258 2192 3311 cet.

246 3331 309 3379 17
349 3330 417 3379 λα
457 3334 549 3394 ροῖ
581 3327 666 3395 Μ,
701 3329 901 3395 λαῦροι
940 3328 1042 3381 cet.
1175 3331 1241 3380 18
1280 3327 1566 3394 ἀπόσιτοι,
1606 3347 1662 3382 οι
1696 3328 1758 3381 in
1792 3344 1918 3383 raso
1956 3328 2097 3395 loco,
2135 3328 2195 3381 M

244 3396 379 3452 οὐδὲ
485 3438 499 3464 ,
539 3397 601 3453 δὲ
640 3400 743 3452 cet.
784 3398 944 3452 codd.
1083 3403 1164 3471 19>
1187 3397 1613 3468 κενεαγγιητέον
1650 3399 1837 3466 codd„
1886 3416 2023 3454 corr.
2062 3398 2263 3453 Aemil.

241 3467 442 3523 Portus
605 3474 673 3522 20
726 3470 965 3540 ὑβρῶσις
1009 3468 1069 3522 Μ
1177 3468 1305 3524 εἴσω
1343 3468 1502 3523 codd.
1649 3476 1715 3524 21
1753 3469 1994 3526 τουτέων
2031 3470 2193 3525 codd.

251 3544 317 3593 22
357 3540 500 3592 πολὺ
527 3539 603 3606 Μ,
637 3540 818 3593 πουλὺ
848 3542 952 3595 oet.
984 3540 1144 3594 codd.
1219 3539 1321 3610 μὲν
1357 3540 1602 3594 DFHIJ
1610 3541 1662 3595 K
1672 3540 1721 3594 U
1748 3541 1902 3608 Litt„
1940 3541 2001 3595 ἐν
2028 3541 2088 3594 Μ
2115 3540 2265 3609 vulg.
