2588 3876
343 127 472 192 104
1006 131 1180 181 ΠΕΡΙ
1214 129 1470 180 ΑΓΜΩΝ
1505 133 1591 181 40.
1621 133 1687 180 41

337 291 754 368 κατατάσιος·
826 291 949 376 χρὴ
1008 290 1084 355 δὲ
1149 301 1284 356 τῶν
1341 287 1469 355 ἔσω
1534 289 2037 356 ὀλισθανόντων
2095 292 2171 356 τὸ
2234 291 2360 375 μὲν

310 399 602 483 ἴἄρθρον
655 396 956 462 ἀπωθεῖν
1009 395 1075 474 ἐς
1129 397 1251 480 τὴν
1305 397 1536 481 φύσιν,
1592 397 1713 462 τὸν
1767 397 1842 462 δὲ
1894 406 2116 481 πῆχυν
2170 395 2236 474 ές
2281 399 2358 463 τὸ

336 504 747 589 καταπρηνὲς
773 507 1028 588 μᾶλλον
1060 503 1348 589 ῥέποντα
1382 504 1740 590 περιάγειν.
1812 504 1893 567 τὰ
1928 504 2064 588 μὲν,
2084 509 2363 570 πλεῖστα

339 609 636 694 ἀγκῶνος
679 619 951 675 τοιαῦτα
996 609 1429 695 ὀλισθήματα.
2361 685 2367 690 ,

287 744 312 784 5
472 716 577 780 41.
611 715 744 782 ’Ὴν
780 717 856 782 δὲ
889 717 1146 803 ὑπερβῇ
1181 717 1257 781 τὸ
1296 718 1560 803 ἄρθρον
1602 715 1644 800 ἢ
1689 713 1862 782 ἔνθα
1903 716 1945 800 ἢ
1981 714 2156 783 ἔνθα
2189 716 2360 803 ὑπὲρ

337 826 412 890 τὸ
460 821 694 889 ὀστέον
737 824 812 889 τὸ
859 832 979 889 τοῦ
1035 826 1274 908 πήχεος
1318 824 1394 888 τὸ
1451 820 1675 907 ἐξέχον
1719 822 1786 901 ἐς
1830 824 1906 888 τὸ
1961 829 2194 889 κοῖλον
2236 833 2361 889 τοῦ

338 933 693 1015 βραχίονος
726 968 816 977 -
851 933 1104 1014 γίνεται
1147 930 1271 1015 μὲν
1317 929 1614 1013 ὀλιγάκις
1656 937 1876 1013 τοῦτο,
1921 929 2008 1013 ἢν
2053 927 2130 995 δὲ
2175 933 2365 1015 γίνη-

338 1060 445 1102 ται
479 1074 588 1120 -,
636 1037 760 1102 οὐκ
794 1033 891 1102 ἔτι
929 1036 1173 1121 ὁμοίως
1206 1036 1248 1120 ἡ
1283 1036 1636 1113 κατάτασις
1679 1037 1722 1120 ἡ
1758 1035 1827 1113 ἐς
1864 1038 1986 1121 τὴν
2025 1039 2364 1123 ῐθυωρίην

234 1159 337 1208 548
359 1143 671 1229 γινομένη
719 1143 1051 1228 ἑπιτηδείη
1098 1153 1232 1208 τῶν
1275 1142 1599 1208 τοιούτων
1642 1142 2136 1228 ὀλισθημάτων·
2175 1142 2187 1231 Ι
2234 1170 2365 1210 κω-

260 1277 314 1317 10
343 1252 487 1316 λύει
531 1252 657 1336 γὰρ
705 1249 781 1316 ἐν
824 1259 903 1336 τῇ
948 1250 1218 1334 τοιαύτῃ
1264 1250 1609 1315 κατατάσει
1653 1250 1728 1314 τὸ
1775 1249 1904 1316 ἀπὸ
1950 1259 2071 1316 τοῦ
2098 1255 2366 1336 πήχεος

339 1356 665 1442 ὑπερέχον
718 1355 953 1422 ὀστέον
1005 1356 1127 1440 τὴν
1179 1355 1550 1441 ὑπέρβασιν
1602 1365 1724 1422 τοῦ
1777 1359 2147 1442 βραχίονος.
2237 1360 2366 1444 χρὴ

340 1465 575 1529 τοίνυν
618 1472 834 1528 τοῖσιν
880 1463 1092 1540 οὕτως
1135 1462 1567 1548 ἐκβεβληκόσι
1606 1465 1729 1547 τὴν
1764 1465 2120 1529 κατάτασιν
2155 1476 2368 1531 ποιεῖ-

344 1576 507 1634 σθαι
562 1570 895 1654 τοιαύτην,
952 1570 1057 1654 οἴη
1113 1589 1237 1654 περ
1296 1571 1557 1655 πρόσθε
1613 1569 2000 1655 γέγραπται,
2056 1570 2222 1656 ἐπήν
2263 1596 2371 1649 τις

343 1675 537 1742 ὀστέα
589 1678 947 1761 βραχίονος
999 1680 1364 1760 κατεηγότα
1417 1675 1674 1762 ἐπιδέῃ,
1731 1676 1861 1743 ἀπὸ
1907 1678 2030 1762 μὲν
2082 1687 2199 1762 τῆς
2241 1704 2368 1763 μα-

262 1809 314 1849 15
344 1782 586 1867 σχάλης
649 1782 716 1860 ἐς
778 1784 853 1848 τὸ
919 1785 1056 1848 ἄνω
1120 1784 1489 1867 τείνεσθαι,
1554 1782 1683 1848 ἀπὸ
1745 1784 1821 1849 δὲ
1880 1792 2001 1849 τοῦ
2063 1783 2369 1868 ἀγκῶνος

343 1889 548 1956 αὐτοῦ
595 1888 661 1967 ἐς
714 1891 788 1955 τὸ
842 1889 1015 1955 κάτω
1071 1888 1488 1973 ἀναγκάζειν·
1554 1890 1728 1957 οὕτω
1776 1891 1902 1976 γὰρ
1950 1889 2035 1956 ἄν
2083 1891 2369 1977 μάλιστα

342 1996 379 2061 ὁ
425 2000 719 2081 βραχίων
753 1995 1286 2081 ὑπεραιωρηθείη
1335 1997 1503 2082 ὑπὲρ
1549 2006 1665 2081 τῆς
1705 1996 1957 2063 ἑωυτοῦ
2002 2000 2366 2084 βαθμίδος·

293 2094 298 2099 ’
343 2102 429 2186 ἢν
465 2102 540 2167 δὲ
575 2102 1072 2188 ὑπεραιωρηθῇ,
1110 2102 1332 2188 ῥηϊδίη
1371 2103 1413 2187 ἡ
1448 2105 1838 2181 κατάστασις
1872 2114 2046 2170 τοῖσι
2078 2104 2368 2191 θέναρσι

344 2218 479 2273 τῶν
525 2219 784 2292 χειρῶν,
829 2210 904 2274 τὸ
951 2209 1074 2293 μὲν
1119 2208 1187 2286 ἐς
1231 2211 1307 2274 τὸ
1354 2208 1644 2287 ἐξεστεὸς
1687 2219 1808 2276 τοῦ
1853 2213 2212 2296 βραχίονος
2256 2211 2368 2294 ἐμ·-

94 705 198 738 εἵκω

266 2342 318 2382 so
345 2314 678 2400 βάλλοντα
704 2313 934 2397 ὠθεῖν,
969 2317 1044 2381 τὸ
1084 2316 1160 2381 δὲ
1197 2314 1264 2393 ἐς
1288 2318 1365 2382 τὸ
1402 2325 1522 2382 τοῦ
1552 2319 1791 2401 πήχεος
1818 2315 2055 2383 ὀστέον
2080 2319 2156 2383 τὸ
2186 2320 2369 2403 παρὰ

239 2438 343 2487 550
362 2422 435 2487 τὸ
483 2423 746 2506 ἄρθρον
791 2421 1202 2507 ἐμβάλλοντα
1248 2421 1600 2508 άντωθεῖν,
1653 2425 1774 2489 τὸν
1812 2429 1823 2503 Ι
1863 2424 2068 2489 αὐτὸν
2112 2427 2370 2510 τρόπον

345 2530 563 2615 ἄμφω,
607 2524 818 2613 ἧσσον
853 2529 1078 2611 μέντοι
1089 2551 1139 2606 ,*.
1213 2529 1255 2613 ἡ
1291 2529 1563 2613 τοιαύτη
1601 2530 1951 2607 κατάτασις
1985 2540 2108 2596 τοῦ
2143 2533 2370 2597 τοιού-

489 2762 520 2809 2
567 2756 854 2813 ἀπωθέειν
900 2758 1059 2812 codd.
1207 2762 1239 2810 3
1284 2756 1646 2827 καταπρηνής
1689 2757 1781 2824 ΒῙ,
1837 2774 1973 2811 corr.
2012 2756 2086 2810 B¹
2232 2764 2263 2812 6
2302 2779 2371 2814 το

345 2835 445 2881 τοῦ
482 2846 540 2881 π.
577 2828 648 2894 Β,
700 2848 799 2884 του
834 2849 910 2883 τω
947 2848 1005 2883 π.
1043 2827 1128 2894 Μ,
1195 2828 1372 2883 τούτω
1423 2846 1480 2882 π.
1529 2829 1580 2882 V
1687 2829 1908 2900 ἑξεσχον
1957 2829 2029 2895 Β,
2083 2845 2220 2882 corr.

349 2903 378 2950 7
428 2900 559 2951 ante
599 2899 730 2970 ὀλιγ.
780 2900 907 2953 add.
957 2896 1059 2955 οὖν
1095 2898 1217 2953 MV
1394 2905 1428 2953 8
1475 2899 1622 2955 ἐστιν
1658 2900 1730 2967 Β,
1776 2902 1913 2954 mut.
1952 2900 2014 2953 in
2059 2900 2117 2962 ἐς
2150 2920 2183 2954 τ
2220 2922 2253 2956 ν
2293 2900 2374 2954 13²

488 2974 518 3021 9
557 2968 854 3040 γινομένην
890 2971 979 3036 B1,
1020 2987 1154 3024 corr.
1192 2987 1340 3024 man.
1378 2970 1656 3040 posterior
1768 2969 2066 3028 τοιουτέων
2103 2971 2163 3023 Μ

351 3044 416 3091 12
454 3039 749 3095 ποιέεσθαι
779 3041 937 3095 codd.
1050 3047 1116 3094 13
1151 3041 1372 3110 πρόσθε
1408 3042 1484 3108 Μ,
1523 3062 1584 3096 -ν
1622 3042 1725 3096 cet.
1849 3047 2058 3095 17—18
2095 3044 2370 3111 ὑπερεωρ.

348 3109 464 3162 ΒΜ
498 3112 736 3180 utroque
761 3112 886 3165 loeo
1011 3117 1076 3165 18
1114 3112 1416 3176 κατάτασις
1448 3112 1624 3179 codd„
1662 3129 1884 3167 καταστ.
1915 3113 2079 3181 Bosq.
2152 3117 2373 3183 puncto

349 3180 649 3251 distinguit
683 3185 813 3251 post
848 3200 1069 3237 καταστ.
1108 3182 1253 3238 Erm.
1403 3189 1467 3238 19
1516 3184 1573 3248 ἐς
1606 3184 1669 3238 τὸ
1706 3185 1837 3253 post
1872 3183 1972 3255 μὲν
2007 3185 2072 3251 Β,
2110 3201 2217 3239 om.
2257 3188 2370 3240 eet.

349 3271 619 3358 ἐμβαλλόῗ
657 3305 726 3341 se.
755 3288 831 3341 B¹
964 3293 1030 3342 20
1068 3287 1271 3345 ὠθέειν
1309 3290 1468 3344 codd.
1616 3296 1681 3344 21
1721 3288 2031 3346 ἀντωθέειν
2068 3291 2229 3346 codd.

349 3363 416 3411 22
455 3358 624 3427 ἄμφω
664 3358 771 3412 del.
809 3359 983 3426 Erm.‚
1032 3360 1214 3429 ἄμφω.
1249 3358 1398 3415 Ἴσον
1435 3359 1624 3431 μέντοι
1658 3361 1695 3431 ἡ
1731 3381 1778 3416 τ.
1816 3383 1867 3415 κ.
1905 3361 2066 3428 Ῑιίίῑίῑ.,
2114 3377 2220 3431 ego
2259 3362 2375 3416 ali-

348 3429 488 3497 quid.
531 3429 882 3483 intercidisse
927 3431 1241 3501 suspicatus
1287 3431 1511 3502 signum
1545 3433 1783 3487 lacunae
1817 3433 2008 3501 posui,
2052 3432 2153 3487 τὸν
2190 3433 2373 3488 αὐτὸν

351 3543 361 3554 .
395 3543 405 3554 .
440 3543 450 3553 .
490 3498 680 3570 μέντοι
718 3502 962 3570 expungi
998 3501 1120 3557 vult
1154 3501 1281 3555 Wb.
