2588 3876
283 159 415 222 230
735 163 908 212 ΠΕΡΙ
944 161 1235 214 ΑΡΘΡΩΝ
1263 163 1634 213 ἘνῐΒοΑΗΣ
1674 164 1757 213 72.
1791 166 1856 213 73

283 322 563 406 δόμενος
601 323 733 405 ἅμα
770 331 847 407 τῇ
894 323 1267 405 κατατάσει,
1314 324 1398 405 ἥν
1436 345 1503 386 τε
1541 321 1608 399 ἐς
1642 324 1717 388 τὸ
1755 320 1877 401 ἔξω
1916 323 2115 410 μέρος
2151 339 2334 408 συμ-

281 427 453 513 φέρῃ
503 425 1027 513 ἐκμοχλεύεσθαι
1062 431 1149 512 ἥν
1184 451 1254 493 τε
1292 428 1361 505 ἐς
1395 430 1469 493 τὸ
1507 427 1666 513 ἔσω,
1704 429 1814 495 καὶ
1850 432 1936 513 ἢν
1970 453 2040 495 τε
2077 448 2332 517 στρογ-

281 532 494 618 γύλον
529 535 648 599 τὸν
692 535 943 618 μοχλὸν
990 534 1296 620 συμφέρῃ
1336 530 1508 600 εἶναι
1544 538 1630 619 ἥν
1665 559 1736 600 τε
1771 537 2016 614 πλάτος
2052 533 2329 620 ἔχοντα·

278 642 476 718 ἄλλος
529 643 657 725 γὰρ
714 643 890 727 ἄλλω
945 652 1081 707 τῶν
1136 643 1416 726 ἄρθρων
1471 642 1751 726 ἁρμόζει.
1836 644 2193 727 εὔχρηστος
2238 643 2333 708 δέ

226 772 249 810 5
281 747 462 813 ἐστιν
508 746 615 813 ἐπὶ
660 748 930 812 πάντων
984 760 1118 812 τῶν
1164 749 1446 833 ἄρθρων
1491 747 1774 833 ἐμβολῆς
1820 760 1962 814 ’τῶν
2015 751 2181 815 κατὰ
2232 752 2329 814 τὰ

172 869 275 917 300
297 853 528 918 σκέλεα
574 854 739 938 αὕτη
777 855 818 937 ἡ
852 851 859 939 Ι
890 856 1245 938 μόχλευσις
1290 857 1421 918 σὺν
1467 863 1545 939 τῇ
1591 856 1953 921 κατατάσει.
2036 854 2187 941 περὶ
2225 850 2321 922 οὗ

277 955 405 1024 οὖν
452 959 487 1025 ὁ
535 961 732 1042 λόγος
779 959 947 1044 ἐστί,
995 957 1406 1044 στρογγύλος
1444 960 1704 1046 ἁρμόζει
1745 961 1780 1026 ὁ
1817 962 2059 1047 μοχλὸς
2105 957 2318 1026 εἶναι·

276 1075 367 1152 τῷ
430 1066 655 1150 μέντοι
719 1063 841 1144 ἔξω
907 1065 1352 1132 ἐκπεπτωκότι
1417 1068 1652 1154 ἄρθρω
1718 1070 1970 1145 πλατὺς
2035 1067 2323 1151 ἁρμόσει

277 1168 465 1238 εἶναι.
539 1172 665 1238 ἀπὸ
705 1173 964 1238 τούτων
1008 1183 1144 1238 τῶν
1179 1171 1528 1258 μηχανέων
1572 1172 1683 1237 καὶ
1721 1172 2062 1257 ἀναγκέων
2108 1170 2324 1239 οὐδὲν

196 1305 248 1344 10
276 1279 540 1365 ἄρθρον
583 1303 697 1364 μοι
745 1280 931 1344 δοκεῖ
981 1270 1131 1344 οἷόν
1175 1302 1245 1344 τε
1293 1275 1467 1345 εἶναι
1512 1279 1940 1365 ἀπορηθῆναι
1986 1279 2324 1365 ἐμπεσεῖν.

410 1386 512 1449 73.
585 1385 803 1471 Εὕροι
863 1383 923 1450 δ’
979 1387 1064 1450 ἄν
1118 1408 1219 1462 τις
1273 1384 1384 1450 καὶ
1440 1386 1686 1461 ἄλλους
1731 1387 2019 1469 τρόπους
2063 1383 2322 1451 τούτου

275 1501 395 1557 τοῦ
443 1494 708 1577 ἄρθρου
755 1491 1067 1575 ἐμβολῆς·
1124 1493 1183 1556 εἰ
1230 1493 1357 1576 γὰρ
1404 1493 1478 1557 τὸ
1527 1489 1732 1569 ξύλον
1775 1493 1851 1556 τὸ
1898 1491 2066 1574 μέγα
2109 1501 2321 1558 τοῦτο

274 1596 413 1682 ἔχοι
472 1600 636 1663 κατὰ
693 1597 899 1680 μέσον
959 1596 1072 1663 καὶ
1137 1597 1209 1663 ἐκ
1266 1600 1572 1681 πλαγίων
1627 1599 1829 1683 φλιὰς
1885 1595 2012 1662 δύο
2059 1600 2148 1674 ὡς
2190 1619 2324 1664 πο-

265 1706 493 1790 ,ὃιαίας
537 1743 626 1752 -
671 1705 844 1781 ὕψος
905 1701 979 1769 δὲ
1039 1704 1216 1781 ὅπως
1275 1703 1363 1769 ἄν
1418 1706 1581 1790 δοκῇ
1637 1703 2009 1789 συμφέρειν
2055 1742 2139 1751 -
2186 1706 2323 1789 τὴν

184 1838 247 1885 ys
278 1808 404 1897 μὲν
448 1809 683 1895 ἔνθεν,
731 1813 854 1895 τὴν
900 1808 975 1877 δὲ
1020 1808 1256 1876 ἔνθεν·
1304 1808 1529 1876 ἔπειτα
1566 1807 1775 1888 ξύλον
1811 1812 2095 1894 πλάγιον
2131 1809 2320 1896 ἐνείη

276 1918 350 1984 ἐν
396 1928 546 2005 τῇσι
594 1926 829 2005 φλιῇσι
875 1919 965 1995 ὡς
1010 1920 1407 2004 κλιμακτήρ,
1466 1912 1692 1983 ἔπειτα
1746 1918 1806 1982 εἰ
1862 1916 2188 2003 ὃιέρσειεν
2235 1919 2319 1984 τὸ

271 2023 458 2109 ὑγιὲς
505 2025 737 2102 σκέλος
780 2027 1037 2109 μεσηγὺ
1072 2035 1207 2090 τῶν
1252 2023 1526 2108 φλιέων,
1572 2026 1647 2089 τὸ
1696 2025 1770 2089 δὲ
1819 2026 2096 2108 σιναρὸν
2141 2026 2321 2089 ἄνω-

274 2140 404 2197 θεν
449 2142 570 2198 τοῦ
617 2138 1056 2216 κλιμακτῆρος
1102 2128 1241 2217 ἔχοι
1302 2130 1668 2215 ἑναρμόζον
1722 2129 1965 2216 ἀπαρτὶ
2019 2131 2187 2215 πρὸς
2234 2133 2319 2196 τὸ

421 2296 468 2342 1.
510 2296 540 2342 2
598 2288 868 2358 συμφέρει
907 2288 1001 2342 hic
1039 2291 1098 2342 et
1132 2288 1168 2340 1.
1210 2294 1241 2341 3
1280 2288 1353 2355 B,
1401 2288 1569 2356 ξυμφ.
1609 2286 1753 2352 MV,
1793 2287 1951 2356 prius
1990 2305 2159 2357 συμφ.
2199 2303 2318 2342 om.

272 2362 375 2430 Ap.
489 2366 520 2413 2
561 2360 924 2431 ἐκμοχλεῦσαι
951 2360 1055 2427 Ap.
1141 2357 1212 2425 ἥν
1247 2379 1308 2413 τε
1339 2403 1347 2411 .
1384 2402 1392 2411 .
1428 2402 1436 2411 .
1469 2358 1572 2412 ἔσω
1612 2374 1718 2412 om.
1759 2358 1864 2427 Ap.
1941 2358 2022 2420 εἰς
2049 2358 2094 2410 Β
2178 2357 2319 2413 εἴσω

272 2431 476 2498 BMV,
535 2432 640 2487 ἔσω
678 2433 816 2484 mut.
857 2430 915 2483 in
956 2429 1083 2484 εἴσω
1120 2429 1175 2481 Ν
1340 2435 1371 2482 3
1430 2432 1562 2483 ante
1599 2429 1808 2492 πλάτος
1846 2429 1974 2482 add.
2012 2429 2077 2483 τὸ
2118 2432 2171 2481 Γ

273 2509 308 2556 4
355 2500 588 2572 ἁρμόσει
644 2501 863 2569 BPAp.
1031 2500 1092 2554 εὔ
1131 2518 1330 2569 ρηστος
1370 2543 1379 2551 .
1424 2543 1433 2552 .
1479 2543 1488 2552 .
1530 2500 1764 2570 ἐμβολῆς
1819 2499 1874 2568 (l.
1927 2501 2013 2569 12)
2082 2515 2189 2553 om.
2269 2506 2326 2554 Γ

382 2579 413 2627 5
454 2574 567 2629 ἐστι
592 2571 671 2640 ν’)
709 2572 769 2625 Μ
861 2573 918 2633 ἐς
952 2588 1053 2639 pro
1121 2572 1187 2626 πὶ
1222 2572 1327 2641 Ap.
1420 2579 1530 2626 τῶν
1568 2570 1745 2640 vulg.,
1784 2588 1890 2624 om.
1930 2569 2222 2639 BMVAp.

274 2644 510 2716 ἐμβολὴν
614 2644 748 2712 Ap„
809 2646 900 2711 -27'7
950 2642 1095 2707 MV,
1147 2645 1272 2710 -ιῆς
1316 2641 1464 2712 vulg.
1514 2641 1647 2695 Litt.
1686 2642 1785 2709 Pq.
1970 2647 2001 2693 6
2048 2641 2151 2705 ξὺν
2189 2639 2321 2695 MV

378 2736 408 2769 τ
485 2733 590 2769 om.
631 2714 751 2768 MV
859 2710 1175 2770 κατασείσει
1210 2714 1256 2767 Β
1405 2719 1433 2764 7
1472 2712 1573 2782 μὲν
1611 2707 1713 2766 οὖν
1751 2712 1854 2780 Ap.
1968 2712 2116 2767 ἐστὶν
2157 2711 2217 2764 Μ

273 2786 343 2854 ἁρ
421 2804 505 2841 σει
532 2786 761 2855 BMAp.
874 2791 907 2839 8
934 2790 1011 2858 τῷ
1035 2829 1044 2837 .
1070 2828 1079 2838 .
1107 2828 1115 2838 .
1148 2780 1296 2840 εἶναι
1325 2786 1400 2853 (9)
1428 2799 1534 2837 om.
1556 2782 1795 2850 Froben,
1822 2782 1991 2835 Kfihn
2095 2782 2318 2848 ἔξωθεν

273 2859 378 2926 Ap.
491 2858 884 2913 ἐκπεπτωκοτα
922 2856 967 2909 Β
1133 2861 1164 2909 9
1202 2855 1415 2909 τούτων
1454 2854 1678 2924 scripsi,
1717 2851 1961 2909 τουτέων
2000 2853 2162 2907 codd.

274 2929 601 2998 ἀναγκαιων
638 2929 710 2995 Β,
750 2927 1064 2997 ἀναγκαῖον
1101 2925 1246 2992 MV,
1284 2924 1454 2981 -κέων
1492 2926 1615 2979 Par.
1654 2925 1714 2978 Μ
1825 2930 1893 2978 10
1931 2923 2117 2980 δοκέει
2146 2926 2315 2980 codd.

381 3000 678 3069 ἀπορηθεν
715 2999 760 3051 Β
871 2998 1092 3066 ἐμπεσει
1127 2996 1173 3050 Β
1335 3003 1397 3049 11
1441 2996 1557 3068 ἔχοι
1594 2995 1668 3051 ἄν
1703 3016 1788 3059 τις
1823 2997 1928 3065 Ap.
2093 3002 2159 3049 12
2206 3005 2317 3051 τοῦ

275 3087 381 3124 om.
420 3070 466 3124 B
651 3076 716 3123 13
773 3068 918 3123 κατὰ
956 3067 1069 3137 μέσ.
1110 3066 1257 3122 κατὰ
1291 3065 1532 3136 πλάγιον
1571 3069 1673 3158 Ap
1786 3068 1861 3130 ὡς
1897 3084 2004 3121 om.
2045 3067 2166 3121 MV

278 3147 343 3193 14
383 3139 527 3202 ὅκως
562 3141 682 3195 MV
808 3138 881 3195 ἂν
928 3156 1035 3193 om.
1083 3138 1285 3207 MAp.,
1345 3137 1416 3207 μὴ
1462 3155 1565 3207 pro
1603 3159 1677 3192 αν
1715 3137 1766 3191 V
1892 3135 2077 3191 δοκέει
2122 3137 2317 3206 BVI',

274 3230 469 3313 εοκεῆὲ
506 3246 588 3309 M,
656 3263 725 3298 ss.
765 3246 887 3299 ead.
926 3263 1028 3310 m,
1083 3240 1280 3314 δοκοίη
1320 3245 1424 3312 Ap.
1561 3243 1728 3313 ξυμφ.
1769 3242 1928 3296 codd.
2086 3246 2154 3295 15
2212 3244 2320 3296 καὶ

278 3316 359 3368 ἔπ.
400 3315 449 3367 A
496 3357 504 3365 .
653 3321 718 3366 16
758 3315 1077 3384 φλειῆσι(ν’)
1115 3314 1199 3381 Μ,
1239 3317 1466 3383 φλιῆσιν
1502 3314 1555 3367 V
1653 3314 1836 3382 ὥσπερ
1875 3314 1978 3382 Ap.
2090 3310 2316 3381 διέρσαι

274 3401 376 3453 pro
415 3403 440 3437 ε
504 3388 553 3438 ὃ.
594 3384 738 3450 MV,
777 3383 884 3454 ἤδη
924 3402 1120 3453 ερισειε
1157 3385 1263 3453 Ap.
1395 3390 1459 3437 17
1499 3401 1646 3453 μεσσ.
1687 3385 1738 3437 Α
1782 3428 1791 3438 .
1924 3389 1989 3437 18
2029 3384 2211 3454 ἔχοιεν
2242 3383 2313 3451 V,

280 3454 425 3523 ἔχειν
464 3453 509 3504 Ε
549 3453 680 3506 Litt.
721 3455 819 3521 Pq.
940 3454 1252 3524 ἐναρμόσον
1289 3453 1606 3524 BMPAp.‚
1656 3403 1905 3523 ἁρῖόσον
1941 3454 2019 3521 V,
2069 3453 2313 3523 ἐναρμό-

280 3526 373 3583 ζον
412 3522 521 3574 ΕΗ
639 3522 849 3589 ἀπᾶρτι
887 3526 949 3591 (π
984 3524 1045 3576 in
1080 3540 1206 3578 raso
1244 3525 1390 3592 loeo)
1429 3524 1502 3591 B,
1550 3525 1693 3593 ἀτάρ
1731 3546 1785 3578 τι
1822 3524 1957 3590 MV,
2007 3524 2222 3591 ἄπαρτι
2265 3529 2320 3578 Γ
