2588 3876
324 117 407 182 18
575 120 750 170 ΠΕΡΙ
784 117 930 168 ΤΩΝ
965 117 1063 168 ΕΝ
1098 116 1434 168 ΚΕΦΔΑΗΙ
1469 115 1858 167 ΤΡΩΜΑΤΩΝ
1900 119 1982 167 13,
2016 120 2081 168 14

321 280 574 345 ὀστέου.
646 279 726 344 τὰ
774 279 854 362 δὴ
902 286 1175 343 τοιαῦτα
1219 288 1355 342 τῶν
1399 275 1642 342 ἑλκέων
1685 286 1887 360 τομῆς
1932 277 2159 342 δεῖται.
2232 276 2350 343 καὶ

323 386 486 451 ὅταν
520 386 595 450 τὸ
640 386 763 467 μὲν
807 383 1042 450 ὀστέον
1083 389 1353 469 ψιλωθῇ
1399 393 1513 466 τῆς
1560 385 1828 469 σαρκός,
1886 382 2213 451 ὑπόκοιλα
2271 385 2352 450 δὲ

321 486 385 578 ᾖ,
433 491 499 569 ἐς
542 492 828 575 πλάγιον
873 489 979 556 ἐπὶ
1025 492 1219 574 πολύ,
1258 488 1739 572 έπανατάμνειν
1774 490 1848 554 τὸ
1886 494 2133 576 κοῖλον,
2180 491 2351 556 ὅκου

216 622 322 671 234
360 601 449 683 μὴ
492 599 500 683 Ι
542 597 819 684 εὐμαρές
865 595 1003 662 ἐστι
1047 605 1138 686 τῳ
1179 597 1500 684 φαρμάκῳ
1548 595 1940 680 ἀφικέσθαι,
2001 596 2203 685 ὁκοίῳ
2262 598 2354 662 ἄν

269 734 295 772 5
324 729 458 771 τινι
493 714 643 792 χρῇ·
689 703 800 770 καὶ
844 706 926 769 τὰ
968 702 1365 789 κυκλοτερέα
1408 714 1544 768 τῶν
1588 701 1829 769 ἑλκέων
1872 701 1983 767 καὶ
2019 703 2352 769 ὑπόκοιλα

326 811 433 877 ε’πὶ
486 813 660 877 πολὺ
723 809 833 877 καὶ
899 812 980 876 τὰ
1043 820 1315 875 τοιαῦτα
1379 808 1852 891 ἐπανατάμνων
1915 810 2035 876 τὸν
2098 811 2351 876 κύκλον

325 921 475 1005 διχῇ
521 919 684 985 κατὰ
728 928 961 1003 μῆκος,
1023 919 1241 1002 ὥσπερ
1288 915 1586 1001 πέφυκεν
1643 887 2039 1001 ὥνθρωπος,
2092 918 2351 1001 μακρὸν

325 1035 544 1091 ποιεῖν
588 1027 662 1090 τὸ
709 1025 913 1102 ἕλκος.

468 1132 795 1216 Τάμνοντι
855 1132 930 1196 δὲ
987 1131 1284 1214 κεφαλὴν
1341 1131 1423 1194 τὰ
1479 1130 1603 1211 μὲν
1661 1131 1827 1194 ἄλλα
1884 1139 1999 1214 τῆς
2061 1135 2355 1214 κεφαλῆς

245 1267 300 1306 10
327 1240 696 1324 ἀσφαλείην
739 1236 872 1323 ἔχει
917 1240 1310 1321 ταμνόμενα,
1358 1235 1393 1301 ὁ
1442 1237 1518 1301 δὲ
1557 1239 1890 1321 κρόταφος
1933 1235 2045 1301 καὶ
2082 1237 2354 1303 ἄνωθεν

326 1344 422 1412 ἔτι
466 1354 588 1410 τοῦ
634 1345 997 1430 κροτάφου,
1057 1344 1220 1408 κατὰ
1266 1344 1390 1426 τὴν
1435 1342 1649 1426 φλέβα
1692 1345 1816 1427 τὴν
1861 1344 1974 1408 διὰ
2018 1352 2141 1408 τοῦ
2195 1368 2351 1427 κρο-

325 1453 544 1536 τάφου
591 1449 1132 1535 ἐπιφαινομένην,
1178 1459 1377 1515 τοῦτο
1420 1449 1496 1515 δὲ
1530 1451 1604 1514 τὸ
1642 1451 1889 1535 χωρίον
1923 1451 2010 1534 μὴ
2048 1449 2354 1531 τάμνειν·

329 1559 625 1640 σπασμὸς
670 1560 794 1643 γὰρ
843 1556 1267 1640 ἐπιλαμβάνει
1318 1558 1437 1622 τὸν
1481 1556 1832 1641 τμηθέντα.
1923 1555 2032 1621 καὶ
2086 1555 2173 1639 ἢν
2225 1556 2355 1638 μὲν

327 1666 401 1730 ε’ν
457 1673 548 1753 τῳ
601 1663 700 1730 ἐπ’
754 1664 1067 1750 ἀριστερὰ
1119 1670 1341 1749 τμηθῇ
1396 1664 1729 1751 κροτάφῳ,
1789 1665 1870 1728 τὰ
1924 1660 2031 1728 ἐπὶ
2084 1660 2265 1740 δεξιά
2311 1662 2353 1728 ὁ

245 1798 299 1838 15
330 1772 622 1854 σπασμὸς
665 1769 1115 1853 ἐπιλαμβάνει·
1163 1769 1250 1852 ἢν
1294 1768 1354 1833 δ’
1401 1768 1521 1852 <ε’ν
1563 1772 1701 1856 τῷ)
1748 1767 1857 1835 ἐπὶ
1904 1767 2086 1846 δεξιὰ
2124 1777 2355 1855 τμηθῇ

326 1879 657 1967 κροτάφῳ,
700 1879 782 1944 τὰ
826 1875 922 1943 ἐπ’
980 1876 1290 1964 ἀριστερὰ
1336 1876 1372 1943 ὁ
1421 1877 1715 1960 σπασμὸς
1760 1875 2206 1960 ἐπιλαμβάνει.

465 1986 565 2050 14.
601 1984 802 2050 Ὅταν
848 1977 974 2049 οὗν
1017 1984 1267 2069 τάμνῇς
1312 1982 1501 2060 ἕλκος
1544 1982 1620 2050 ἐν
1664 1988 1917 2069 κεφαλῇ
1953 1993 2076 2050 τοῦ
2112 1983 2354 2049 ὀστέου

330 2094 546 2157 εἵνεκα
580 2100 696 2174 τῆς
733 2091 974 2175 σαρκὸς
1008 2088 1441 2173 ἐψιλωμένου,
1478 2088 1700 2155 θέλων
1738 2089 1985 2155 εἰδέναι
2023 2095 2092 2155 εἴ
2115 2114 2180 2155 τι
2216 2088 2355 2175 ἔχει

328 2199 402 2263 τὸ
447 2196 682 2262 ὀστέον
725 2196 930 2261 κακὸν
972 2195 1103 2261 ὑπὸ
1148 2205 1269 2260 τοῦ
1314 2195 1541 2279 βέλεος
1596 2194 1638 2279 ἢ
1685 2195 1795 2260 καὶ
1842 2197 1964 2262 οὐκ
2020 2194 2180 2281 ἔχει,
2240 2197 2354 2261 τά-

249 2331 302 2370 20
328 2327 520 2386 μνειν
581 2305 703 2388 χρὴ
775 2303 849 2367 τὸ
921 2301 1204 2385 μέγεθος
1269 2304 1396 2387 τὴν
1457 2306 1686 2386 τομήν,
1760 2302 1962 2385 ὁκόση
2036 2302 2121 2368 ἂν
2185 2303 2352 2389 δοκῇ

475 2465 503 2513 1
541 2479 900 2514 τατετοιαυτα
937 2451 982 2512 Β
1057 2459 1262 2515 ὀστεων
1289 2476 1396 2550 pro
1423 2458 1621 2515 ἑλκέων
1657 2460 1703 2512 Β
1816 2467 1862 2514 1.
1893 2466 1925 2513 2
1963 2460 2061 2514 καὶ
2089 2480 2155 2516 ον
2185 2481 2259 2515 αν
2285 2480 2354 2515 το

330 2551 430 2601 μεν
458 2531 520 2597 Β,
560 2528 804 2587 κακὸν
773 2551 847 2586 αν
873 2529 1066 2601 τὸμὲν
1093 2531 1145 2585 V
1228 2532 1328 2585 καὶ
1366 2551 1438 2586 αν
1474 2530 1575 2600 μὲν
1608 2531 1673 2585 τὸ
1702 2530 1835 2585 Litt.
1855 2531 1956 2599 Pq.
2043 2528 2208 2585 nal*
2177 2552 2251 2586 αν
2285 2532 2354 2586 τὸ

330 2604 430 2692 μὲν
458 2573 695 2670 N’Erm„
735 2602 933 2673 scripsi
969 2603 1068 2656 καὶ
1105 2600 1241 2656 ὅταν
1267 2602 1332 2656 τὸ
1361 2551 1513 2671 μὲνμ
1570 2607 1601 2655 3
1639 2601 1899 2673 πλάγιον·
1942 2604 2177 2658 ἐπιπολυ
2209 2604 2354 2658 ἀνα-

329 2673 560 2743 τάμκνειν
586 2674 632 2726 Β
742 2672 878 2728 ὁκου
914 2673 978 2740 Β,
1026 2670 1170 2728 ὅπου
1206 2673 1242 2727 i.
1280 2692 1353 2727 m.
1391 2672 1481 2740 B²‚
1530 2670 1637 2742 ὅπη
1869 2679 1901 2726 4
1940 2672 2160 2757 εὐχερές
2193 2673 2245 2726 V

316 2745 446 2800 ἐστι
483 2762 588 2799 om.
626 2744 678 2798 V
794 2745 942 2814 ἐφικ.
981 2743 1248 2815 Scaliger,
1296 2744 1428 2798 Litt.
1552 2743 1721 2799 ὁκοιω
1758 2745 1823 2812 Β,
1862 2744 2038 2800 ὁποιω
2073 2744 2111 2799 i.
2148 2763 2221 2798 m.
2260 2744 2353 2813 B²‚

333 2848 509 2924 ὁποίῳ
546 2850 599 2904 V
776 2856 809 2905 5
854 2872 958 2923 χρη
923 2851 958 2920 ὴ
1006 2851 1163 2906 codd.
1301 2834 1645 2919 κοιὲλοτερα
1678 2852 1752 2918 Β,
1803 2852 2077 2919 κυκλώτερ
2081 2872 2118 2905 α
2155 2850 2207 2903 V

335 2928 366 2976 6
402 2906 580 2977 πουλν
615 2922 661 2975 Β
762 2922 1175 2992 ἐπανατάμκνειν
1200 2922 1330 2976 Wb.
1477 2927 1507 2974 7
1546 2922 1620 2985 ὡς
1654 2922 1707 2975 V
1778 2927 1956 2991 ωνθρ.
1958 2872 2077 2990 .,ρΒ
2092 2922 2262 2989 ἄνθρ.
2301 2921 2355 2975 V

475 2997 507 3045 8
543 2991 758 3048 ποιέειν
791 2992 949 3048 codd.
1061 2999 1127 3047 10
1163 2990 1477 3063 ἀσφαλείαν
1513 2993 1559 3046 Β
1631 3013 1778 3063 τεμκν.
1809 2993 1860 3046 V
1970 2999 2032 3048 11
2040 2965 2278 3083 φλέβαν
2305 2993 2355 3046 Β

479 3070 543 3117 12
581 3062 991 3154 ἐπιφενομένην
1026 3064 1097 3131 Β,
1152 3062 1467 3135 φερομένην
1504 3064 1556 3118 V
1700 3070 1882 3119 13.14
1918 3062 2083 3119 καὶ*
2051 3085 2123 3133 ην
2160 3085 2214 3134 μ.
2254 3061 2348 3120 ἐπ’

333 3136 422 3203 ἀρ.
450 3154 535 3204 τμ.
559 3134 861 3224 κροτάφου
896 3135 1045 3206 vulg.
1157 3141 1225 3189 14
1264 3134 1325 3190 ἐν
1361 3155 1437 3209 τῳ
1465 3135 1526 3201 Β,
1567 3151 1671 3188 om.
1702 3135 1754 3189 V
1834 3135 2051 3204 κροτάφ
2009 3156 2099 3204 φω
2136 3135 2246 3189 BV

336 3211 516 3259 15.16
555 3203 670 3274 ἢν.
799 3205 1159 3278 ἐπιλαμβάνει
1196 3223 1301 3260 om.
1335 3206 1380 3258 B
1509 3178 1574 3261 15
1613 3206 1719 3279 (ἐν
1754 3206 1867 3281 τῳ>
1906 3207 2035 3261 add.
2062 3191 2209 3260 th.

336 3283 402 3331 16
449 3275 712 3350 κροτάφῳ
749 3276 816 3345 V,
862 3298 958 3332 -ov
993 3278 1142 3347 vulg.
1327 3282 1392 3331 17
1436 3276 1663 3369 τάμνεις
1705 3278 1752 3330 Β
1868 3286 1968 3333 τοῦ
2015 3294 2120 3331 om.
2159 3277 2210 3331 V

335 3352 403 3401 18
442 3345 599 3403 ἐπέε
658 3364 759 3439 pro
806 3347 866 3402 εἴ
889 3367 945 3402 τι
982 3348 1093 3439 ἔχει
1129 3348 1180 3402 V
1326 3353 1390 3401 19
1437 3344 1473 3418 ἦ
1510 3348 1561 3402 V
1704 3355 1772 3403 20
1791 3369 1907 3440 της
1939 3369 2112 3419 τομης
2143 3348 2210 3415 Β,
2249 3348 2357 3417 τὴν

332 3417 521 3509 τολίην
538 3367 624 3484 xes,
671 3418 772 3489 τὴν
811 3419 1037 3487 ὠτειλήν
1057 3419 1490 3542 cI7ulgr.,13(31·ipsi
1525 3418 1629 3490 τὴν
1665 3419 1840 3490 τομήν
1949 3420 2144 3489 ὁκοσηι
2178 3440 2251 3488 ην
2288 3420 2357 3488 Β,

335 3488 495 3561 ὅση
475 3489 547 3546 ἂν
583 3491 635 3596 V
742 3488 910 3562 δοκέῃ
949 3490 1108 3544 codd.
