2588 3876
738 156 912 206 ΠΕΡΙ
945 154 1233 207 ΑΡΘΡΩΝ
1270 156 1629 207 ΕΜΒΟΛΗΣ
1667 160 1699 208 8
2105 155 2231 219 123
2273 183 2278 188 ⁴

203 313 568 400 ἐκκαρπεῖν
610 316 732 398 τὴν
775 313 1096 402 βαΙθεῖαν.
1170 316 1524 382 διὰτοῦτο
1571 312 1696 382 οὖν
1733 314 2041 399 ἐποίησεν
2076 318 2233 382 τάδε
2270 333 2336 381 98

201 422 288 485 τὰ
335 423 485 503 ἔπη·

326 528 417 603 ὡς
463 526 525 591 δ’
571 526 750 594 ὁπότ’
809 528 1136 595 ἀσπάσιον
1182 532 1298 616 ἔαρ
1345 532 1560 613 ἤλυθε
1605 533 1846 614 βουσὶν
1891 530 2118 615 ἕλιξιν,

207 634 314 699 ὅτι
389 634 809 719 ἀσμενωτᾶτη
885 635 1188 701 αὐτοῖσιν
1249 638 1290 722 ἡ
1362 641 1606 720 βαθεῖα
1675 640 1833 721 ποίη
1907 642 2232 722 φαίνεται.

204 739 377 826 ἀτὰρ
423 739 534 806 καὶ
581 743 794 819 ἄλλως
838 745 1003 825 βοῦς
1047 744 1337 829 χαλαρὸν
1386 744 1586 826 φύσει
1622 744 1696 808 τὸ
1734 744 1998 831 ἄρθρον
2032 753 2231 809 τοῦτο
2261 768 2311 807 ·5

204 849 343 930 ἔχει
388 852 641 930 μᾶλλον
694 859 828 913 τῶν
874 849 1096 914 ἄλλων
1152 847 1336 936 ζῴων
1380 847 1491 913 καὶ
1537 850 1649 913 διὰ
1693 859 1889 915 τοῦτο
1937 853 2234 928 εἰλίπους

210 951 400 1018 ἐστὶν
459 958 711 1037 μᾶλλον
772 965 908 1019 τῶν
975 956 1196 1021 ἄλλων
1268 953 1477 1044 ζῴων,
1550 953 1659 1020 καὶ
1731 957 2010 1037 μάλιστα
2074 958 2240 1022 ὅταν·

204 1060 443 1137 λεπτὸς
486 1058 599 1125 καὶ
636 1060 871 1144 ,γέρων
916 1052 974 1147 ᾗ.
1067 1061 1180 1125 διὰ
1236 1071 1447 1126 ταῦτα
1503 1063 1718 1127 πάντα
1771 1060 1881 1126 καὶ
1938 1062 2231 1128 ἐκπίπτει

207 1165 324 1251 βοὶ
388 1167 686 1250 μάλιστα.
776 1169 980 1231 πλείω
1048 1167 1122 1233 δὲ
1184 1168 1547 1254 γέγραπται
1605 1166 1758 1253 περὶ
1823 1169 2062 1252 αὐτοῦ,
2129 1170 2230 1234 ὅτι

198 1273 479 1338 ,πάντων
507 1284 643 1337 τῶν
678 1271 1175 1359 προειρημένων
1211 1282 1419 1339 ταῦτα
1454 1274 1783 1361 μαρτύριά
1821 1273 2018 1339 ἐστιν.
2078 1273 2229 1361 περὶ
2260 1302 2312 1341 10

202 1374 291 1444 οὗ
342 1374 470 1445 οὖν
515 1379 550 1444 ὁ
600 1381 825 1463 λόγος,
873 1379 974 1443 ὅτι
1019 1390 1194 1444 τοῖσι
1241 1379 1588 1466 ἀσάρκοισι
1635 1384 1891 1461 μᾶλλον
1936 1380 2230 1446 ἐκπίπτει

202 1484 322 1551 καὶ
367 1492 631 1551 θᾶσσον
678 1485 985 1568 ἐμπίπτει
1021 1484 1061 1568 ἢ
1108 1495 1281 1550 τοῖσι
1329 1487 1914 1572 σεσαρκωμένοισι,
1959 1487 2072 1553 καὶ
2114 1484 2232 1572 ἧσ-

208 1608 339 1657 σον
376 1590 873 1676 ἐπιφλεγμαίνει
917 1601 1093 1656 τοῖσι
1137 1591 1407 1677 ὑγροῖσι
1444 1589 1553 1656 καὶ
1588 1602 1807 1657 τοῖσιν
1842 1592 2231 1678 ἀσάρκοισιν

201 1696 246 1781 ἢ
294 1708 470 1763 τοῖσι
531 1703 875 1783 σκληροῖσι
934 1696 1045 1763 καὶ
1106 1696 1663 1783 σεσαρκωμένοισι
1723 1697 1833 1763 καὶ
1891 1694 2101 1782 ἧσσόν
2156 1723 2230 1784 γε

206 1802 468 1869 δέδεται
540 1803 610 1880 ἐς
673 1805 793 1869 τὸν
863 1802 1085 1869 ἔπειτα
1155 1806 1431 1890 χρόνον·
1506 1803 1668 1889 ἀτὰρ
1744 1803 1854 1869 καὶ
1927 1806 1986 1869 εῑ
2057 1804 2228 1889 μύξα
2258 1832 2307 1872 15

200 1914 471 1977 πλείων
501 1910 695 1995 ὑπείη
742 1919 863 1976 τοῦ
909 1913 1180 1998 μετρίου
1226 1912 1314 1996 μὴ
1364 1913 1490 1977 σὺν
1536 1916 1907 1997 φλεγμονῇ,
1960 1909 2070 1976 καὶ
2118 1912 2231 1989 01‘5-

200 2042 334 2095 τως
378 2017 464 2083 ἂν
509 2016 873 2102 ὀλισθηρὸν
920 2024 1019 2100 εἴη
1038 2037 1053 2052 ·
1116 2016 1575 2105 μυξωδέστερα
1622 2014 1696 2083 δὲ
1739 2020 1813 2083 τὸ
1866 2017 2106 2096 ἐπίπαν
2150 2021 2231 2084 τὰ

199 2127 433 2211 ἄρθρα
475 2136 649 2190 τοῖσι
704 2123 1094 2211 ἀσάρκοισιν
1140 2125 1181 2209 ἢ
1225 2134 1400 2189 τοῖσι
1454 2125 2020 2211 σεσαρκωμένοισί
2060 2124 2196 2192 ἐστι
2214 2146 2227 2160 ·

204 2229 323 2296 καὶ
367 2231 494 2317 γὰρ
543 2225 733 2295 αὗται
783 2231 850 2295 αἱ
910 2231 1146 2316 σάρκες
1205 2241 1341 2296 τῶν
1397 2233 1486 2315 μὴ
1547 2230 1675 2296 ἀπὸ
1734 2232 1965 2316 τέχνης
2018 2231 2230 2316 ὀρθῆς

350 2463 379 2510 1
428 2455 634 2547 βαθείῃ
639 2478 671 2510 ν
716 2458 788 2525 Β,
845 2455 995 2512 -είαν
1049 2457 1100 2511 V
1242 2466 1420 2512 ταῦτα
1465 2459 1537 2524 Β,
1600 2455 1754 2513 τοῦτ’
1817 2458 1904 2525 Μ,
1973 2456 2224 2512 διατοῦτ’

195 2529 253 2583 V
327 2526 552 2598 ἐποίησε
587 2528 639 2581 V
791 2527 1073 2597 Βῆλυθεν
1127 2529 1188 2582 Μ
1261 2529 1336 2584 ἔλ
1385 2528 1437 2582 V
1515 2500 1721 2603 Versus
1775 2529 1836 2582 in
1871 2529 2076 2583 nostris
2112 2528 2228 2583 Ho-

191 2600 344 2654 meri
399 2600 739 2654 editionibus
794 2617 909 2654 non
955 2602 1138 2654 exstat
1289 2606 1324 2654 4
1380 2602 1510 2654 ante
1537 2596 1677 2654 αὐτ.
1718 2601 1846 2653 add.
1885 2607 2064 2654 τοῖσιν
2109 2599 2229 2653 MV

287 2671 505 2725 αὐτοῖσι
549 2670 609 2723 Μ
691 2668 899 2741 βαθείῃ
936 2671 1044 2724 BV
1185 2669 1342 2740 πο(ίη
1388 2670 1448 2724 in
1484 2688 1590 2725 ras
1636 2670 1697 2739 l.)
1745 2671 1805 2723 M
1948 2676 1979 2723 5
2027 2669 2224 2735 ἄλλως·

194 2741 263 2795 Μ
359 2744 494 2813 βοῦς
529 2742 707 2796 adeor.
746 2741 842 2794 Μ’
922 2741 992 2811 ἄρ
995 2746 1108 2796 θον
1148 2743 1208 2795 Μ
1352 2748 1383 2794 6
1439 2742 1536 2796 καὶ
1582 2759 1687 2795 om.
1735 2742 1856 2796 MV
1951 2745 2082 2795 ante
2130 2741 2224 2796 εὶλ.

193 2812 334 2866 add
383 2813 481 2866 καὶ
525 2812 647 2866 MV
735 2762 992 2867 εἰλίπουν
1033 2814 1222 2879 codd„
1279 2832 1449 2874 -πους
1502 2812 1650 2866 Erm.
1799 2819 1828 2866 7
1878 2812 1991 2867 ἐστὶ
2036 2812 2158 2866 MV

191 2889 228 2938 8
273 2884 476 2939 λεπτὸν
514 2884 634 2938 MV
712 2904 814 2953 γηρ
785 2882 983 2952 ραλέον
1021 2884 1141 2937 MV
1223 2884 1285 2955 ἔῃ
1322 2883 1442 2936 MV
1514 2884 1579 2952 ἐμ
1580 2902 1637 2936 π.
1676 2884 1735 2936 Μ
1870 2889 1901 2936 9
1940 2882 2145 2938 αὐτέου
2180 2884 2227 2937 Β

312 2961 380 3009 10
437 2954 550 3010 ἐστι
586 2955 708 3009 MV
852 2960 915 3008 11
968 2952 1051 3008 ὅτι
1096 2955 1170 3022 Β,
1226 2972 1333 3009 om.
1381 2956 1485 3008 oet.
1590 2964 1768 3009 τοῖσιν
1805 2954 1857 3008 V
1959 2954 2229 3023 ἀσάρκοις

176 3026 242 3079 ’Β
388 3032 453 3079 12
494 3024 931 3095 σεσαρκωμένοις
966 3026 1011 3078 Β
1150 3031 1216 3079 13
1262 3034 1441 3080 τοῖσιν
1477 3047 1528 3080 v.
1567 3046 1617 3079 κ.
1654 3034 1833 3080 τοῖσιν
1869 3027 1926 3079 ἀ.
1961 3026 2013 3079 V
2084 3035 2227 3081 τοῖσι

186 3095 554 3166 ἀσάρκοισι(ν
590 3096 697 3167 Μ’)
734 3097 851 3149 ΒΜ
981 3103 1046 3150 14
1084 3098 1359 3164 σκληρεῖσι
1394 3097 1466 3163 Β,
1506 3094 1847 3165 σκελίφροισι
1883 3096 2027 3164 MV,
2068 3100 2227 3167 σκλη-

186 3175 350 3237 ροῖσι
387 3168 424 3221 i.
455 3186 528 3221 m.
558 3167 621 3221 M
687 3187 747 3222 τε
783 3185 885 3237 pro
923 3187 984 3237 γε
1013 3171 1066 3221 Γ
1197 3173 1261 3220 15
1301 3166 1443 3236 ἀτὰρ
1477 3210 1486 3221 .
1566 3184 1824 3235 ..σεσαρκ
1864 3168 1992 3222 ἐστι.
2032 3185 2139 3222 om.
2179 3172 2233 3223 Γ

268 3239 351 3293 ad
389 3238 533 3307 ἀτὰρ
563 3238 741 3293 adeor.
773 3238 1125 3308 ἐπειαλλατξ
1109 3256 1145 3291 1.
1165 3256 1238 3292 m.
1267 3239 1342 3292 13²
1451 3243 1641 3292 15.16
1678 3238 1715 3307 ἡ
1744 3237 1904 3292 πλέω
1890 3239 2062 3311 μκῦξα
2099 3240 2152 3294 ὑ
2180 3238 2226 3291 Β

251 3311 306 3364 εἰ
324 3309 393 3375 Ε,
424 3308 591 3376 Erm„
629 3309 665 3378 ἡ
695 3311 800 3363 cet.
923 3315 988 3363 16
1019 3309 1216 3378 ξυμφλ.
1245 3309 1306 3362 M
1377 3308 1892 3379 ξυμφλεγμονήνΒ,
1890 3302 2227 3378 ξυμφλεγο-

178 3378 338 3450 μένη
379 3351 431 3434 V
549 3386 614 3434 17
652 3376 937 3436 τούπίπαν
965 3379 1086 3433 MV
1204 3385 1270 3434 18
1298 3390 1476 3434 τοῖσιν
1504 3382 1559 3448 (ν
1588 3379 1702 3449 Μ’)
1739 3379 1861 3434 ΜῪ
1930 3379 2077 3446 ἀσᾶρ
2081 3394 2226 3432 κοισι

182 3452 274 3519 Μ,
316 3472 359 3507 ν
387 3451 1297 3576 αᾱᾱ.111ῖ1ἳσεσαρκωμένοωιν<ν
1332 3451 1449 3520 Μ’)
1478 3451 1597 3504 ΜῪ
1716 3455 1780 3502 19
1821 3449 1947 3517 ὀρθ.
1986 3466 2092 3502 om.
2123 3444 2223 3510 M¹‚

150 3520 164 3532 '
181 3524 386 3577 adeor.
425 3522 463 3576 i.
501 3541 561 3576 m
