2588 3876
568 156 742 205 ΠΕΡΙ
776 154 1067 207 ΑΡΘΡΩΝ
1103 157 1465 207 mom
1507 159 1587 207 78.
1621 159 1703 207 79.
1737 159 1806 208 80
2068 156 2198 220 239

60 303 66 309 ’
171 320 298 390 θος
343 322 468 379 τοῦ
516 315 881 400 ἀνθρώπου
922 316 1206 398 ἱμάτιον,
1252 313 1641 381 ἐπικαθίσαι
1677 318 1800 384 τὸν
1833 319 2201 402 ἄνθρωπον

171 417 276 483 ε’πὶ
335 421 413 485 τὸ
472 420 761 507 προέχον
817 430 937 487 τοῦ
992 430 1396 507 στρωτῆρας·
1462 417 1603 487 εἶτα
1658 425 2063 510 προσλαβεῖν
2120 427 2197 491 τὸ

171 532 420 610 στῆθος
464 529 632 612 πρὸς
684 528 804 593 τὸν
858 529 1106 593 στύλον
1159 533 1392 593 πλατεῖ
1445 549 1611 594 τινι·
1676 526 1900 594 ἔπειτα
1945 532 2021 595 τὸ
2075 528 2199 615 μὲν

170 632 354 714 ὑγιὲς
402 632 632 710 σκέλος
676 632 995 717 κατεχέτω
1041 657 1171 719 τις,
1225 634 1315 710 ὡς
1368 636 1459 717 μὴ
1512 637 2062 720 περισφάλληται·
2127 636 2200 702 ἐκ

172 739 246 803 δὲ
290 748 413 804 τοῦ
453 749 735 825 σιναροῦ
774 739 1165 825 ἐκκρεμάσαι
1201 741 1408 826 βάρος
1445 740 1608 806 ὅσον
1644 741 1930 826 ἁρμόζει,
1976 743 2195 828 ὥσπερ
2252 768 2276 808 5

168 846 279 909 καὶ
324 848 633 931 πρόσθεν
676 847 802 930 ἤδη
852 846 1120 930 εἴρηται.

303 953 341 1015 ·7
349 953 408 1016 9.
475 956 762 1037 Πρῶτον
804 952 928 1034 μὲν
974 946 1101 1017 οὖν
1147 953 1250 1017 δεῖ
1294 952 1545 1017 εἰδέναι
1601 954 1705 1018 ὅτι
1749 954 2019 1019 πάντων
2064 967 2200 1021 τῶν

168 1057 419 1122 ὀστέων
465 1060 535 1123 αῑ
582 1060 918 1141 συμβολαί
959 1059 1133 1123 εἰσιν
1186 1059 1275 1134 ὡς
1322 1057 1428 1123 ἐπὶ
1483 1060 1656 1124 πολὺ
1702 1059 1743 1143 ἡ
1788 1062 2042 1144 κεφαλὴ
2087 1063 2197 1127 καὶ

167 1165 207 1246 ἡ
253 1165 528 1247 κοτύλη·
586 1162 692 1247 ἐφ’
739 1158 835 1229 ὧν
873 1161 948 1229 δὲ
994 1165 1103 1229 καὶ
1148 1164 1189 1248 ἡ
1236 1166 1415 1248 χώρα
1452 1166 1875 1249 κοτυλοειδὴς
1909 1164 2020 1231 καὶ
2059 1166 2197 1232 ἐπί-

167 1291 443 1355 μακρος·
506 1267 677 1335 ἔνιαι
725 1271 801 1334 δὲ
845 1280 981 1334 τῶν
1024 1269 1293 1356 χωρέων
1339 1270 1751 1354 γληνοειδέες
1797 1273 1984 1337 εἰσίν.
2066 1274 2196 1338 αἰεὶ
2225 1300 2278 1339 10

168 1372 241 1440 δὲ
309 1375 666 1461 ἐμβάλλειν
730 1377 833 1441 δεῖ
894 1377 1109 1441 πάντα
1173 1377 1252 1440 τὰ
1308 1375 1706 1442 ἐκπίπτοντα
1762 1379 2013 1463 ἄρθρα,
2076 1379 2198 1462 μά-

167 1485 357 1546 λιστα
401 1479 526 1564 μὲν
571 1482 784 1558 εὐθὺς
827 1491 1224 1566 παραχρῆμα
1258 1479 1357 1546 ἔτι
1394 1488 1669 1566 θερμῶν
1705 1483 1978 1550 ἐόντων·
2026 1486 2084 1549 εἰ
2122 1481 2196 1550 δὲ

166 1591 283 1672 μή,
332 1589 422 1665 ὡς
467 1589 765 1673 τάχιστα·
833 1587 943 1653 καὶ
992 1590 1117 1672 γὰρ
1164 1596 1254 1676 τῷ
1294 1586 1690 1672 έμβάλλοντι
1735 1590 2044 1676 ῥηίτερον
2087 1593 2196 1656 καὶ

166 1697 430 1759 θᾶσσόν
467 1693 651 1759 ἐστιν
687 1693 999 1778 ἐμβαλεῖν
1034 1695 1144 1759 καὶ
1182 1701 1274 1781 τῷ
1312 1692 1701 1759 ἀσθενέοντι
1729 1699 1902 1760 πολὺ
1941 1696 2195 1762 ἀπονω-

169 1799 320 1885 τέρη
389 1802 430 1884 ἡ
496 1800 742 1885 ἐμβολὴ
807 1802 848 1885 ἡ
912 1799 1075 1887 πρὶν
1132 1801 1414 1865 διοιδεῖν
1475 1798 1671 1865 ἐστιν.
1773 1801 1876 1866 δεῖ
1939 1803 2014 1866 δὲ
2068 1800 2196 1867 αἰεὶ
2225 1827 2274 1868 15

169 1908 385 1976 πάντα
431 1908 511 1972 τὰ
557 1908 800 1993 ἄρθρα,
849 1906 1100 1972 ὁπόταν
1143 1905 1385 1992 μέλλῃς
1431 1904 1769 1991 ἐμβαλεῖν,
1814 1928 2194 1993 προαναμα-

173 2014 361 2093 λάξαι
390 2012 500 2079 καὶ
531 2016 1001 2098 διακιγκλίσαι·
1042 2014 1236 2100 ρήιον
1262 2015 1389 2098 γὰρ
1421 2012 1638 2079 ἐθέλει
1671 2011 1678 2100 Ι
1714 2012 2175 2098 ἐμβάλλεσθαι.
2196 2031 2298 2080 318

168 2122 346 2206 παρὰ
405 2120 619 2197 πάσας
674 2117 747 2185 δὲ
801 2121 917 2196 τὰς
972 2131 1108 2185 τῶν
1160 2120 1439 2205 ἄρθρων
1493 2118 1776 2203 ἐμβολὰς
1831 2123 2196 2205 ἰσχναίνειν

171 2228 271 2291 δεῖ
329 2229 491 2303 τοὺς
551 2227 984 2311 ἄνθρωπους,
1047 2227 1331 2308 μάλιστα
1394 2226 1517 2310 μὲν
1573 2224 1726 2311 περὶ
1785 2228 1866 2291 τὰ
1923 2226 2196 2311 μέγιστα

172 2334 394 2419 ἄρθρα
448 2330 559 2397 καὶ
615 2333 1036 2416 χαλεπώτατα
1089 2330 1566 2415 ἐμβάλλεσθαι,
1630 2333 1863 2414 ἥκιστα
1917 2329 1992 2397 δὲ
2044 2332 2196 2418 περὶ
2224 2359 2276 2398 20

173 2441 251 2503 τὰ
295 2439 603 2523 ἐλάχιστα
648 2440 758 2502 καὶ
804 2438 1044 2523 ῥηίδια.

300 2546 404 2612 80.
469 2545 841 2609 Δακτύλων
897 2545 971 2609 δὲ
1025 2543 1111 2627 ἢν
1156 2542 1397 2629 ἐκπέσῃ
1453 2545 1717 2629 ἄρθρον
1771 2566 1836 2608 τι
1889 2554 2026 2607 τῶν
2078 2553 2194 2626 τῆς

312 2673 339 2719 1
402 2664 749 2733 ἐπικαθησαι
794 2665 954 2733 BAp.
1064 2665 1163 2719 τὸν
1211 2664 1380 2731 ἄνθρ.
1420 2682 1527 2719 om.
1566 2664 1670 2732 Ap.
1853 2669 1884 2717 2
1930 2663 2195 2735 προσεχὲς

168 2735 284 2789 ΜΨ
389 2752 535 2803 προσ
572 2735 754 2790 άλλειν
791 2735 896 2803 Ap.
1043 2741 1074 2788 3
1121 2734 1286 2789 τύλον
1324 2734 1377 2787 V
1518 2741 1551 2787 4
1596 2733 2003 2803 περισφάληται
2039 2734 2085 2786 Β

169 2811 198 2858 5
233 2823 506 2877 κρεμάσαι
696 2805 908 2874 ἁρμοση
945 2805 1016 2870 Β,
1066 2802 1137 2859 ἂν
1173 2805 1385 2877 ἁρμόζῃ
1423 2804 1543 2858 ΜΨ
1651 2804 1830 2873 ὥσπερ
1869 2801 1973 2859 οὖν
2009 2805 2079 2870 Β,
2120 2806 2194 2866 ὡς

167 2876 282 2931 ΜΨ
401 2877 582 2945 ὥσπερ
615 2920 624 2929 .
659 2919 670 2930 .
704 2919 713 2929 .
746 2875 845 2944 εἴρ.
885 2893 991 2930 om.
1030 2876 1135 2945 Ap.
1282 2882 1315 2928 6
1363 2874 1471 2943 ἤδη
1510 2893 1614 2930 om.
1655 2875 1775 2929 MV
1921 2881 1949 2928 7
2003 2873 2087 2929 ὅτι
2122 2876 2192 2930 τὰ

169 2946 356 3017 ἄρθρα
424 2947 501 3002 ἔτι
565 2950 793 3015 θερμῶν
859 2945 1037 3002 ὄντων
1094 2943 1386 3017 ἐμβάλλειν
1440 2950 1531 3001 δεῖ
1584 2946 1673 3000 tit.
1735 2947 1796 2999 in
1845 2964 1916 3000 m.
1968 2964 2086 3015 sup.
2137 2951 2194 3000 et

168 3018 354 3087 paullo
393 3018 542 3072 infra,
590 3018 649 3073 ἔν
685 3035 793 3071 τισι
830 3018 893 3072 τὸ
932 3018 1060 3084 περὶ
1097 3016 1332 3084 ἄρθρων
1372 3015 1473 3080 ἕως
1508 3012 1615 3071 ὧδε
1652 3010 1722 3085 ἦν
1759 3016 1819 3069 Μ
1964 3022 1995 3069 8
2034 3018 2190 3088 ξυμβ.

169 3090 322 3144 codd.
468 3089 647 3143 πουλὺ
697 3087 814 3140 ΒΜ
823 3088 901 3155 Ψ,
955 3089 1096 3141 πολὺ
1133 3087 1282 3157 vulg.
1445 3092 1493 3140 9.
1540 3092 1605 3140 10
1643 3086 1970 3156 ὑπόμακρος
2003 3087 2050 3140 Β

172 3166 232 3214 10
269 3159 495 3232 χωρέων
534 3177 639 3213 om.
678 3159 731 3212 V
828 3159 918 3213 ἀεὶ
957 3158 1116 3212 codd.
1266 3164 1330 3212 11
1372 3158 1628 3229 ἐμβαλειν
1665 3157 1711 3209 Β
1824 3164 1888 3210 12
1929 3158 2040 3212 ἐστι
2078 3158 2194 3211 ΒΜ

254 3238 319 3285 13
360 3230 655 3302 ἐμβαλοντι
690 3230 736 3282 Β
884 3235 952 3282 14
990 3229 1240 3301 ἐμβαλεει
1275 3229 1349 3295 Β,
1396 3227 1565 3284 -λέειν
1602 3227 1722 3281 ΜΨ
1847 3229 2026 3282 πουλὺ
2063 3228 2123 3281 Μ

171 3307 232 3354 15
277 3300 313 3370 ἢ
351 3320 445 3369 πρ.
485 3299 686 3367 ΒΜΨ,
724 3300 758 3368 ἡ
796 3300 929 3354 Litt.
970 3316 1037 3354 ex
1073 3299 1197 3353 Par.
1236 3299 1290 3351 H
1417 3301 1643 3354 διωθεῖν
1680 3298 1787 3350 ΒΜ
1915 3299 2026 3353 ἐστι
2072 3298 2193 3358 ΜΨ

233 3374 324 3428 ἀεὶ
361 3372 522 3427 codd.
610 3376 675 3424 16
714 3370 794 3425 ὁκ.
836 3371 996 3425 codd.
1080 3371 1146 3439 ἐμ
1182 3368 1366 3424 άλλειν
1395 3368 1515 3421 ΜΨ
1658 3374 1741 3424 16,
1774 3376 1838 3422 17
1877 3386 2189 3436 προσαναμ.

167 3441 210 3493 Β
320 3448 387 3497 17
427 3439 587 3511 ῤ’ήιον
624 3442 846 3510 scripsi,
886 3438 1028 3516 ὅᾷον
1066 3458 1130 3494 co
1174 3441 1225 3494 d.
1339 3439 1678 3510 ἐμβάλεσθαι
1715 3439 1760 3491 Β
1881 3445 1947 3492 22
1988 3438 2190 3493 δακτύ-

166 3515 272 3569 λων
311 3512 514 3584 ἐμβολή
549 3513 637 3565 tit.
676 3512 737 3564 in
775 3531 845 3566 m.
885 3512 984 3565 inf.
1024 3512 1083 3563 M
