2588 3876
358 148 488 213 184
805 152 980 201 ΠΕΡΙ
1015 150 1305 202 ΑΡΘΡΩΝ
1341 151 1698 202 ΕΜΒοΛΗΣ
1736 153 1821 202 48.
1852 154 1919 202 49

355 315 614 395 κοιλίην
669 307 826 376 οὐδὲ
880 311 1121 376 κωλύει
1177 311 1457 396 εὐρόους
1511 306 1681 377 εἶναι
1739 313 1780 396 ἡ
1835 309 1903 389 ἐς
1954 312 2030 377 τὸ
2086 308 2205 390 ἔξω
2257 311 2358 375 κύ-

348 404 584 502 ’φωσιςκ
672 416 713 500 ἡ
761 414 836 482 δὲ
881 417 1206 504 λόρδωσις
1259 419 1466 482 ταῦτά
1520 441 1589 483 τε
1645 418 1984 504 ἀμφότερα
2037 429 2211 484 ποιεῖ
2260 414 2361 481 καὶ

356 526 523 589 ἄλλα
567 526 778 589 πολλὰ
823 526 1265 609 προσγίνεται.
1339 522 1485 590 ἐπεί
1524 526 1629 590 τοι
1672 528 1844 591 πολὺ
1889 528 2189 602 πλείονες
2231 545 2362 588 σκε-

358 631 530 696 λέων
574 654 643 695 τε
697 628 808 695 καὶ
863 641 1105 715 χειρῶν
1159 630 1467 716 ἆκρατέες
1528 634 1831 714 γίνονται
1886 630 1996 697 καὶ
2061 655 2363 715 καταναρ-

306 764 330 804 5
357 746 634 803 κοῦνται
689 737 763 802 τὸ
820 747 1009 821 σῶμα
1060 735 1172 803 καὶ
1227 733 1398 824 οὖρα
1456 743 1704 822 ἴσχεται
1759 739 2094 821 αὐτοῖσιν,
2152 729 2249 813 οἷς
2288 735 2365 800 ἂν

358 845 448 928 μὴ
495 841 687 929 ἐκστῇ
734 840 858 928 μὲν
893 845 968 909 τὸ
1007 844 1242 928 ὕβωμα
1277 847 1437 928 μήτε
1473 841 1602 909 ἔσω
1639 847 1801 928 μήτε
1836 842 1981 930 ἔξω,
2029 844 2368 910 σεισθέωσι

361 947 436 1015 δὲ
492 951 778 1036 ἰσχυρῶς
831 950 899 1027 ἐς
952 952 1074 1034 τὴν
1131 952 1466 1038 ἰθυωρίην
1519 960 1632 1033 τῆς
1687 952 1937 1037 ῥάχιος·
2006 944 2141 1017 οἷσι
2195 948 2250 1014 δ’
2291 948 2370 1013 ἂν

362 1055 554 1142 ἐκστῇ
601 1058 676 1122 τὸ
723 1058 987 1142 ὕβωμα,
1031 1053 1243 1141 ἧσσον
1287 1067 1555 1125 τοιοῦτα
1599 1060 1945 1143 πάσχουσι.

494 1164 600 1228 49.
656 1166 890 1230 Πολλὰ
934 1161 1008 1230 δὲ
1053 1166 1164 1229 καὶ
1209 1166 1376 1230 ἄλλα
1421 1164 1495 1230 ἐν
1542 1166 1797 1251 ἰητρικῇ
1844 1166 1930 1231 ἄν
1973 1189 2076 1242 τις
2118 1173 2372 1230 τοιαῦτα

284 1301 337 1340 10
364 1272 651 1353 κατίδοι,
714 1266 810 1336 ὧν
854 1273 935 1337 τὰ
979 1267 1103 1355 μὲν
1176 1273 1415 1358 ἰσχυρὰ
1487 1271 1717 1337 ἀσινέα
1790 1271 1973 1337 ἐστὶν
2045 1271 2155 1337 καὶ
2224 1266 2362 1334 καθ’

365 1376 576 1442 ἕωυτά
620 1378 762 1460 τὴν·
786 1381 1009 1462 κρίσιν
1054 1378 1217 1461 ὅλην
1262 1379 1685 1462 λαμβάνοντα
1718 1388 1838 1444 τοῦ
1876 1381 2260 1463 νοσήματος,
2302 1377 2373 1440 τὰ

365 1480 439 1548 δὲ
504 1483 949 1569 ἀσθενέστερα
1010 1486 1351 1568 σινάμωρα
1408 1485 1517 1549 καὶ
1577 1484 1943 1560 ἀποτόκους
2001 1485 2377 1568 νοσημάτων

366 1593 677 1675 χρονίους
729 1590 1041 1656 ποιέοντα
1096 1592 1205 1656 καὶ
1260 1591 1704 1657 κοινωνέοντα
1757 1601 1847 1678 τῷ
1904 1592 2083 1679 ἄλλω
2143 1592 2377 1674 σώματι

368 1696 474 1762 ἐπὶ
522 1697 746 1780 πλέον,
795 1696 931 1762 ἐπεὶ
978 1695 1089 1763 καὶ
1135 1697 1483 1787 πλευρέων,
1521 1696 1782 1782 κάτηξις
1818 1701 2131 1764 τοιοῦτόν
2174 1721 2236 1762 τι
2275 1694 2375 1759 πέ-

288 1831 340 1872 15
367 1811 654 1869 πονθεν·
721 1795 857 1868 οἷσι
911 1801 1034 1888 μὲν
1092 1806 1216 1887 γὰρ
1274 1803 1360 1870 ἂν
1422 1815 1669 1890 καταγῇ
1735 1806 2018 1889 πλευρή,
2079 1806 2119 1887 ἢ
2177 1807 2289 1888 μία
2341 1801 2376 1884 ἢ

262 1929 365 1978 218
386 1909 686 1995 πλέονες,
752 1911 840 1988 ὡς
902 1920 1077 1976 τοῖσι
1139 1915 1505 1977 πλείστοισι
1556 1912 1564 1996 Ι
1615 1912 2045 1996 κατάγνυται,
2110 1913 2195 1997 μὴ
2251 1912 2379 1976 δια-

371 2020 616 2102 σχόντα
673 2019 755 2082 τὰ
814 2015 1006 2081 ὀστέα
1066 2017 1133 2094 ές
1186 2019 1260 2083 τὸ
1319 2022 1444 2083 ἔσω
1513 2017 1711 2102 μέρος
1767 2015 1935 2102 μηδὲ
1992 2017 2380 2099 ψιλωθέντα,

370 2123 587 2207 ὀλίγοι
643 2120 769 2207 μὲν
830 2125 957 2208 ἤδη
1024 2124 1456 2209 έπυρέτηναν·
1522 2124 1683 2209 ἀτὰρ
1741 2120 1901 2189 οὐδὲ
1956 2116 2118 2209 αἷμα
2160 2119 2382 2189 πολλοὶ

371 2231 498 2314 ἤδη
545 2227 858 2313 ἕπτυσαν,
906 2227 1064 2295 οὐδὲ
1121 2234 1361 2314 ἔμπυοι
1415 2230 1652 2296 πολλοὶ
1699 2235 2029 2315 γίνονται,
2086 2226 2242 2296 οὐδὲ
2285 2226 2384 2312 ἔμ-

294 2366 347 2406 20
373 2360 596 2421 μοτοι,
670 2332 830 2401 οὐδὲ
903 2336 1433 2421 έπισφακελίσιες
1496 2349 1631 2402 τῶν
1693 2337 1971 2404 ὀστέων*
2049 2337 2266 2403 δίαιτά
2323 2357 2385 2399 τε

376 2445 599 2528 φαύλη
650 2442 862 2527 ἀρκεῖ·
918 2442 1002 2526 ἢν
1046 2446 1173 2529 γὰρ
1219 2446 1308 2528 μὴ
1354 2445 1636 2530 πυρετὸς
1674 2446 1953 2529 συνεχὴς
1990 2442 2386 2527 ἐπιλαμβάνῃ

521 2607 548 2654 1
591 2600 671 2664 εἰς
706 2601 752 2654 Β
910 2600 1024 2670 2ἡ
1064 2600 1127 2656 δὲ
1164 2599 1225 2656 λό
1231 2606 1471 2670 (Ἡδωσις
1550 2619 1769 2672 ,γπροσ
1775 2599 1844 2657 ίν.
1895 2618 2000 2655 om.
2042 2606 2096 2656 Γ
2195 2620 2253 2654 τε
2289 2615 2386 2651 om

375 2672 497 2726 MV
604 2670 782 2726 ποιέει
819 2672 978 2725 codd.
1133 2678 1162 2725 3
1213 2675 1344 2726 ante
1391 2645 1527 2726 ἄλλα
1566 2673 1693 2726 add.
1735 2674 1791 2736 ἐς
1825 2674 1895 2727 τὰ
1932 2672 2079 2740 MV,
2137 2672 2192 2733 ἐς
2223 2678 2390 2724 ταῦτα

375 2744 522 2797 Erm.
644 2741 738 2798 ἐπί
772 2764 858 2798 τοι
895 2744 1024 2811 ΒΓ,
1081 2744 1270 2798 ἔπειτα
1309 2744 1360 2797 V
1474 2742 1704 2807 πλέονες
1741 2745 1835 2811 Pq.
1957 2742 2249 2798 καλέονται
2293 2754 2386 2810 pro

379 2833 460 2869 σκ.
499 2835 557 2869 τε
602 2814 722 2867 MV
883 2822 932 2867 4.
975 2785 1024 2903 δὴ,
1044 2824 1496 2882 καταναρκοῦται
1552 2814 1754 2879 MVF,
1820 2823 2057 2869 -κῶνται
2112 2815 2258 2867 Erm.

379 2892 410 2939 5
451 2883 596 2941 οἶσιν
634 2889 707 2953 Γ,
746 2882 856 2939 οἶσι
894 2886 955 2940 δὲ
996 2883 1067 2940 ἂν
1104 2886 1224 2939 MV
1369 2892 1399 2939 6
1440 2885 1565 2940 εἴσω
1603 2886 1723 2939 MV
1869 2891 1935 2939 10
1975 2883 2177 2955 κατίὸη
2212 2880 2329 2937 MV

380 2957 494 3012 ἐστὶ
530 2956 650 3009 MV
750 2957 848 3011 καὶ
886 2973 990 3010 om.
1031 2957 1091 3011 M
1236 2963 1299 3010 11
1342 2956 1515 3012 ἑαυτα
1551 2957 1728 3010 BMV
1874 2963 1938 3009 12
1980 2955 2158 3026 σινόμ.
2195 2953 2312 3009 MV

383 3051 451 3099 14
486 3045 669 3101 πλέων
705 3046 816 3100 ΒΓ
881 3056 1102 3101 τοιοῦτο
1139 3046 1259 3099 MV
1406 3052 1470 3098 15
1509 3050 1576 3110 κζ
1607 3066 1735 3114 περι
1771 3049 2026 3114 πλευρων
2055 3066 2197 3100 κατα
2233 3060 2394 3100 εντων

380 3118 469 3170 tit.
508 3117 554 3170 B
661 3115 696 3185 ἢ
737 3120 868 3172 ante
905 3116 1005 3187 μία
1043 3135 1147 3171 om.
1188 3117 1309 3170 MV
1455 3122 1518 3170 16
1556 3116 1808 3180 πλείονες
1842 3118 1953 3171 ΒΓ
2054 3126 2172 3179 τοῖς
2260 3117 2312 3167 Γ

381 3187 724 3257 κατήγνυται
760 3188 882 3242 MV
1045 3194 1109 3243 17
1148 3188 1218 3242 τὰ
1257 3188 1319 3243 δὲ
1359 3187 1468 3242 ὁστ.
1508 3193 1562 3242 Γ
1677 3188 1805 3243 εἴσω
1843 3188 1894 3241 V
2060 3193 2125 3241 18
2161 3186 2265 3257 γὰρ
2299 3196 2391 3253 pro

383 3258 492 3327 ἤδη
530 3262 583 3312 Γ
684 3260 826 3312 πολὺ
863 3260 915 3313 V
1077 3265 1141 3312 19
1190 3259 1297 3328 ἤδη
1337 3276 1441 3312 om.
1482 3259 1533 3313 V
1642 3260 1754 3314 z‘m
1804 3259 1914 3330 ἤδη
1951 3263 2005 3313 Γ
2110 3209 2310 3329 &mm
2341 3250 2393 3305 Μ

495 3335 576 3382 19.
618 3332 687 3380 20
726 3329 838 3398 ἔγμ.
877 3331 950 3397 Β,
1006 3331 1120 3399 ἐνμ.
1160 3335 1214 3384 Γ
1354 3335 1420 3383 20
1473 3328 1919 3400 ἐπισφακελίξιεσ
1955 3330 2214 3396 BVMF‚
2266 3342 2395 3385 -σιες

386 3451 535 3592 ἔπ’]βς.
568 3525 622 3574 Γ
684 3456 748 3503 21
799 3451 986 3518 ἀρκέει
1023 3455 1181 3507 codd.
1303 3456 1480 3526 ξυνεχ.
1521 3454 1641 3508 MV
1760 3423 2125 3528 ἐπιλαμβανει
2160 3452 2244 3519 M,
2291 3450 2395 3504 ἐπι-

420 3542 458 3575 a
496 3542 531 3591 η
