<?xml version="1.0" encoding="UTF-8"?>
<!DOCTYPE html PUBLIC "-//W3C//DTD XHTML 1.0 Transitional//EN"
    "http://www.w3.org/TR/xhtml1/DTD/xhtml1-transitional.dtd">
<html xmlns="http://www.w3.org/1999/xhtml" xml:lang="en" lang="en">
 <head>
  <title>
</title>
<meta http-equiv="Content-Type" content="text/html;charset=utf-8" />
  <meta name='ocr-system' content='tesseract 3.04.00' />
  <meta name='ocr-capabilities' content='ocr_page ocr_carea ocr_par ocr_line ocrx_word'/>
</head>
<body>
  <div class='ocr_page' id='page_1' title='image "./operaqvaefervnt00ilbegoog_0121.png"; bbox 0 0 2588 3876; ppageno 0'>
   <div class='ocr_carea' id='block_1_1' title="bbox 997 163 2286 229">
    <p class='ocr_par' dir='ltr' id='par_1_1' title="bbox 997 163 2286 229">
     <span class='ocr_line' id='line_1_1' title="bbox 997 163 2286 229; baseline 0.012 -14"><span class='ocrx_word' id='word_1_1' title='bbox 997 166 1170 216; x_wconf 77' lang='grc' dir='ltr'>ΠΕΡΙ</span> <span class='ocrx_word' id='word_1_2' title='bbox 1204 163 1461 216; x_wconf 71' lang='grc' dir='ltr'><strong>ΑΓΜῼΝ</strong></span> <span class='ocrx_word' id='word_1_3' title='bbox 1499 167 1567 216; x_wconf 80' lang='lat'><strong><em>30</em></strong></span> <span class='ocrx_word' id='word_1_4' title='bbox 2204 164 2286 229; x_wconf 88' lang='lat'><strong><em>91</em></strong></span> 
     </span>
    </p>
   </div>
   <div class='ocr_carea' id='block_1_2' title="bbox 254 319 2372 1265">
    <p class='ocr_par' dir='ltr' id='par_1_2' title="bbox 254 319 2372 1265">
     <span class='ocr_line' id='line_1_2' title="bbox 254 319 2288 410; baseline 0.002 -22"><span class='ocrx_word' id='word_1_5' title='bbox 254 320 385 408; x_wconf 70' lang='grc' dir='ltr'><strong><em>μὲν</em></strong></span> <span class='ocrx_word' id='word_1_6' title='bbox 450 319 583 389; x_wconf 82' lang='grc' dir='ltr'><strong><em>οὖν</em></strong></span> <span class='ocrx_word' id='word_1_7' title='bbox 649 323 897 391; x_wconf 90' lang='grc' dir='ltr'><strong><em>πάντα</em></strong></span> <span class='ocrx_word' id='word_1_8' title='bbox 925 328 1092 390; x_wconf 80' lang='grc' dir='ltr'><strong><em>κακὰ</em></strong></span> <span class='ocrx_word' id='word_1_9' title='bbox 1153 324 1529 410; x_wconf 80' lang='grc' dir='ltr'><strong><em>ποιέουσιν,</em></strong></span> <span class='ocrx_word' id='word_1_10' title='bbox 1603 325 1862 409; x_wconf 84' lang='grc' dir='ltr'><strong><em>ἀγαθὸν</em></strong></span> <span class='ocrx_word' id='word_1_11' title='bbox 1926 323 2000 391; x_wconf 73' lang='grc' dir='ltr'><strong><em>δὲ</em></strong></span> <span class='ocrx_word' id='word_1_12' title='bbox 2063 325 2288 392; x_wconf 83' lang='grc' dir='ltr'><strong><em>οὐδέν·</em></strong></span> 
     </span>
     <span class='ocr_line' id='line_1_3' title="bbox 254 431 2291 518; baseline 0.002 -24"><span class='ocrx_word' id='word_1_13' title='bbox 254 431 420 495; x_wconf 76' lang='grc' dir='ltr'><strong><em>οὔτε</em></strong></span> <span class='ocrx_word' id='word_1_14' title='bbox 474 432 606 516; x_wconf 79' lang='grc' dir='ltr'><strong><em>γὰρ</em></strong></span> <span class='ocrx_word' id='word_1_15' title='bbox 663 440 783 496; x_wconf 88' lang='grc' dir='ltr'><strong><em>τοῦ</em></strong></span> <span class='ocrx_word' id='word_1_16' title='bbox 841 435 1342 498; x_wconf 80' lang='grc' dir='ltr'><strong><em>κατατείνεσθαι</em></strong></span> <span class='ocrx_word' id='word_1_17' title='bbox 1401 434 1559 509; x_wconf 78' lang='grc' dir='ltr'><strong><em>ἄκος</em></strong></span> <span class='ocrx_word' id='word_1_18' title='bbox 1617 431 1755 498; x_wconf 81' lang='grc' dir='ltr'><strong><em>ἐστὶ</em></strong></span> <span class='ocrx_word' id='word_1_19' title='bbox 1808 433 1882 497; x_wconf 90' lang='grc' dir='ltr'><strong><em>τὸ</em></strong></span> <span class='ocrx_word' id='word_1_20' title='bbox 1937 433 2291 518; x_wconf 89' lang='grc' dir='ltr'><strong><em>προσδεδέ-</em></strong></span> 
     </span>
     <span class='ocr_line' id='line_1_4' title="bbox 257 534 2293 625; baseline 0.002 -23"><span class='ocrx_word' id='word_1_21' title='bbox 257 545 435 603; x_wconf 88' lang='grc' dir='ltr'><strong><em>σθαι</em></strong></span> <span class='ocrx_word' id='word_1_22' title='bbox 492 540 612 603; x_wconf 90' lang='grc' dir='ltr'><strong><em>τὸν</em></strong></span> <span class='ocrx_word' id='word_1_23' title='bbox 676 539 878 623; x_wconf 90' lang='grc' dir='ltr'><strong><em>πόδα,</em></strong></span> <span class='ocrx_word' id='word_1_24' title='bbox 926 577 1010 586; x_wconf 89' lang='grc'><strong>-</strong></span> <span class='ocrx_word' id='word_1_25' title='bbox 1058 535 1261 604; x_wconf 77' lang='grc' dir='ltr'><strong><em>οὐδὲν</em></strong></span> <span class='ocrx_word' id='word_1_26' title='bbox 1316 540 1442 623; x_wconf 82' lang='grc' dir='ltr'><strong><em>γὰρ</em></strong></span> <span class='ocrx_word' id='word_1_27' title='bbox 1495 534 1708 623; x_wconf 78' lang='grc' dir='ltr'><strong><em>ἧσσον</em></strong></span> <span class='ocrx_word' id='word_1_28' title='bbox 1760 540 1833 605; x_wconf 89' lang='grc' dir='ltr'><strong><em>τὸ</em></strong></span> <span class='ocrx_word' id='word_1_29' title='bbox 1888 542 2051 605; x_wconf 75' lang='grc' dir='ltr'><strong><em>ἄλλο</em></strong></span> <span class='ocrx_word' id='word_1_30' title='bbox 2109 551 2293 625; x_wconf 80' lang='grc' dir='ltr'><strong><em>σῶμα</em></strong></span> 
     </span>
     <span class='ocr_line' id='line_1_5' title="bbox 256 646 2294 732; baseline 0.001 -23"><span class='ocrx_word' id='word_1_31' title='bbox 256 646 726 731; x_wconf 75' lang='grc' dir='ltr'><strong><em>προσχωρήσει</em></strong></span> <span class='ocrx_word' id='word_1_32' title='bbox 792 646 959 732; x_wconf 88' lang='grc' dir='ltr'><strong><em>πρὸς</em></strong></span> <span class='ocrx_word' id='word_1_33' title='bbox 1025 646 1147 710; x_wconf 88' lang='grc' dir='ltr'><strong><em>τὸν</em></strong></span> <span class='ocrx_word' id='word_1_34' title='bbox 1199 646 1376 711; x_wconf 88' lang='grc' dir='ltr'><strong><em>πόδα</em></strong></span> <span class='ocrx_word' id='word_1_35' title='bbox 1440 646 1551 710; x_wconf 76' lang='grc' dir='ltr'><strong><em>καὶ</em></strong></span> <span class='ocrx_word' id='word_1_36' title='bbox 1604 646 1815 724; x_wconf 80' lang='grc' dir='ltr'><strong><em>οὕτως</em></strong></span> <span class='ocrx_word' id='word_1_37' title='bbox 1873 646 1995 712; x_wconf 84' lang='grc' dir='ltr'><strong><em>οὐκ</em></strong></span> <span class='ocrx_word' id='word_1_38' title='bbox 2054 646 2140 711; x_wconf 77' lang='grc' dir='ltr'><strong><em>ἄν</em></strong></span> <span class='ocrx_word' id='word_1_39' title='bbox 2198 650 2294 713; x_wconf 78' lang='grc' dir='ltr'><strong><em>ἔτι</em></strong></span> 
     </span>
     <span class='ocr_line' id='line_1_6' title="bbox 255 749 2372 839; baseline 0.002 -24"><span class='ocrx_word' id='word_1_40' title='bbox 255 754 575 836; x_wconf 85' lang='grc' dir='ltr'><strong><em>τείνοιτο,</em></strong></span> <span class='ocrx_word' id='word_1_41' title='bbox 603 790 691 798; x_wconf 92' lang='lat'><strong><em>—-</em></strong></span> <span class='ocrx_word' id='word_1_42' title='bbox 718 750 856 828; x_wconf 49' lang='grc' dir='ltr'><strong><em>οὔτ’,</em></strong></span> <span class='ocrx_word' id='word_1_43' title='bbox 901 753 1109 836; x_wconf 83' lang='grc' dir='ltr'><strong><em>αὐτὴν</em></strong></span> <span class='ocrx_word' id='word_1_44' title='bbox 1146 751 1213 830; x_wconf 82' lang='grc' dir='ltr'><strong><em>ἐς</em></strong></span> <span class='ocrx_word' id='word_1_45' title='bbox 1257 753 1381 836; x_wconf 83' lang='grc' dir='ltr'><strong><em>τὴν</em></strong></span> <span class='ocrx_word' id='word_1_46' title='bbox 1420 754 1752 839; x_wconf 82' lang='grc' dir='ltr'><strong><em>ἰθυωρίην</em></strong></span> <span class='ocrx_word' id='word_1_47' title='bbox 1790 749 1993 818; x_wconf 77' lang='grc' dir='ltr'><strong><em>οὐδὲν</em></strong></span> <span class='ocrx_word' id='word_1_48' title='bbox 2029 754 2293 838; x_wconf 82' lang='grc' dir='ltr'><strong><em>ὠφελεῖ,</em></strong></span> <span class='ocrx_word' id='word_1_49' title='bbox 2348 778 2372 819; x_wconf 78' lang='lat'><strong>5</strong></span> 
     </span>
     <span class='ocr_line' id='line_1_7' title="bbox 260 851 2294 945; baseline 0.001 -23"><span class='ocrx_word' id='word_1_50' title='bbox 260 857 441 923; x_wconf 79' lang='grc' dir='ltr'><strong><em>ἀλλὰ</em></strong></span> <span class='ocrx_word' id='word_1_51' title='bbox 483 858 593 922; x_wconf 76' lang='grc' dir='ltr'><strong><em>καὶ</em></strong></span> <span class='ocrx_word' id='word_1_52' title='bbox 637 860 937 940; x_wconf 78' lang='grc' dir='ltr'><strong><em>βλάπτει·</em></strong></span> <span class='ocrx_word' id='word_1_53' title='bbox 987 858 1442 945; x_wconf 86' lang='grc' dir='ltr'><strong><em>στρεφομένου</em></strong></span> <span class='ocrx_word' id='word_1_54' title='bbox 1489 860 1616 944; x_wconf 81' lang='grc' dir='ltr'><strong><em>γὰρ</em></strong></span> <span class='ocrx_word' id='word_1_55' title='bbox 1661 868 1782 924; x_wconf 87' lang='grc' dir='ltr'><strong><em>τοῦ</em></strong></span> <span class='ocrx_word' id='word_1_56' title='bbox 1830 851 2035 926; x_wconf 74' lang='grc' dir='ltr'><strong><em>ἄλλου</em></strong></span> <span class='ocrx_word' id='word_1_57' title='bbox 2078 861 2294 944; x_wconf 81' lang='grc' dir='ltr'><strong><em>σώμα-</em></strong></span> 
     </span>
     <span class='ocr_line' id='line_1_8' title="bbox 264 961 2295 1051; baseline 0.001 -22"><span class='ocrx_word' id='word_1_58' title='bbox 264 989 389 1041; x_wconf 87' lang='grc' dir='ltr'><strong><em>τος</em></strong></span> <span class='ocrx_word' id='word_1_59' title='bbox 432 963 473 1047; x_wconf 79' lang='grc' dir='ltr'><em>ἢ</em></span> <span class='ocrx_word' id='word_1_60' title='bbox 517 974 595 1050; x_wconf 73' lang='grc' dir='ltr'><strong><em>τῇ</em></strong></span> <span class='ocrx_word' id='word_1_61' title='bbox 645 963 682 1047; x_wconf 85' lang='grc' dir='ltr'>ἢ</span> <span class='ocrx_word' id='word_1_62' title='bbox 727 975 805 1051; x_wconf 74' lang='grc' dir='ltr'><strong><em>τῇ</em></strong></span> <span class='ocrx_word' id='word_1_63' title='bbox 854 961 1057 1030; x_wconf 76' lang='grc' dir='ltr'><strong><em>οὐδὲν</em></strong></span> <span class='ocrx_word' id='word_1_64' title='bbox 1101 966 1386 1030; x_wconf 79' lang='grc' dir='ltr'><strong><em>κωλύσει</em></strong></span> <span class='ocrx_word' id='word_1_65' title='bbox 1431 965 1467 1031; x_wconf 87' lang='grc' dir='ltr'>ὁ</span> <span class='ocrx_word' id='word_1_66' title='bbox 1515 966 1753 1049; x_wconf 89' lang='grc' dir='ltr'><strong><em>δεσμὸς</em></strong></span> <span class='ocrx_word' id='word_1_67' title='bbox 1797 966 1918 1030; x_wconf 90' lang='grc' dir='ltr'><strong><em>τὸν</em></strong></span> <span class='ocrx_word' id='word_1_68' title='bbox 1966 967 2141 1035; x_wconf 88' lang='grc' dir='ltr'><strong><em>πόδα</em></strong></span> <span class='ocrx_word' id='word_1_69' title='bbox 2184 969 2295 1033; x_wconf 74' lang='grc' dir='ltr'><strong><em>καὶ</em></strong></span> 
     </span>
     <span class='ocr_line' id='line_1_9' title="bbox 259 1070 2293 1161; baseline 0.002 -26"><span class='ocrx_word' id='word_1_70' title='bbox 259 1073 350 1135; x_wconf 76' lang='grc' dir='ltr'><strong><em>τὰ</em></strong></span> <span class='ocrx_word' id='word_1_71' title='bbox 399 1070 590 1136; x_wconf 80' lang='grc' dir='ltr'><strong><em>ὀστέα</em></strong></span> <span class='ocrx_word' id='word_1_72' title='bbox 634 1072 714 1136; x_wconf 79' lang='grc' dir='ltr'><strong><em>τὰ</em></strong></span> <span class='ocrx_word' id='word_1_73' title='bbox 762 1079 854 1158; x_wconf 76' lang='grc' dir='ltr'><strong><em>τῷ</em></strong></span> <span class='ocrx_word' id='word_1_74' title='bbox 900 1072 1059 1136; x_wconf 83' lang='grc' dir='ltr'><strong><em>ποδὶ</em></strong></span> <span class='ocrx_word' id='word_1_75' title='bbox 1112 1070 1617 1157; x_wconf 83' lang='grc' dir='ltr'><strong><em>προσηρτημένα</em></strong></span> <span class='ocrx_word' id='word_1_76' title='bbox 1672 1071 2157 1138; x_wconf 76' lang='grc' dir='ltr'><strong><em>ἐπακολουθεῖν</em></strong></span> <span class='ocrx_word' id='word_1_77' title='bbox 2201 1082 2293 1161; x_wconf 77' lang='grc' dir='ltr'><strong><em>τῷ</em></strong></span> 
     </span>
     <span class='ocr_line' id='line_1_10' title="bbox 258 1173 2293 1265; baseline 0.001 -23"><span class='ocrx_word' id='word_1_78' title='bbox 258 1180 449 1265; x_wconf 77' lang='grc' dir='ltr'><strong><em>ἄλλῳ</em></strong></span> <span class='ocrx_word' id='word_1_79' title='bbox 505 1179 771 1262; x_wconf 83' lang='grc' dir='ltr'><strong><em>σώματι.</em></strong></span> <span class='ocrx_word' id='word_1_80' title='bbox 862 1179 922 1243; x_wconf 78' lang='grc' dir='ltr'><strong><em>εἰ</em></strong></span> <span class='ocrx_word' id='word_1_81' title='bbox 977 1174 1050 1243; x_wconf 76' lang='grc' dir='ltr'><strong><em>δὲ</em></strong></span> <span class='ocrx_word' id='word_1_82' title='bbox 1103 1179 1191 1262; x_wconf 83' lang='grc' dir='ltr'><strong><em>μὴ</em></strong></span> <span class='ocrx_word' id='word_1_83' title='bbox 1246 1176 1713 1264; x_wconf 74' lang='grc' dir='ltr'><strong><em>προσεδέδετο,</em></strong></span> <span class='ocrx_word' id='word_1_84' title='bbox 1766 1173 1979 1262; x_wconf 78' lang='grc' dir='ltr'><strong><em>ἧσσον</em></strong></span> <span class='ocrx_word' id='word_1_85' title='bbox 2022 1178 2107 1243; x_wconf 75' lang='grc' dir='ltr'><strong><em>ἂν</em></strong></span> <span class='ocrx_word' id='word_1_86' title='bbox 2162 1181 2293 1244; x_wconf 92' lang='grc' dir='ltr'><strong><em>διε-</em></strong></span> 
     </span>
    </p>
   </div>
   <div class='ocr_carea' id='block_1_3' title="bbox 156 1275 2372 1370">
    <p class='ocr_par' dir='ltr' id='par_1_3' title="bbox 156 1275 2372 1370">
     <span class='ocr_line' id='line_1_11' title="bbox 156 1275 2372 1370; baseline 0.001 -22"><span class='ocrx_word' id='word_1_87' title='bbox 156 1275 159 1278; x_wconf 32' lang='grc'>“</span> <span class='ocrx_word' id='word_1_88' title='bbox 259 1283 614 1369; x_wconf 85' lang='grc' dir='ltr'><strong><em>στρέφετο·</em></strong></span> <span class='ocrx_word' id='word_1_89' title='bbox 667 1278 880 1367; x_wconf 78' lang='grc' dir='ltr'><strong><em>ἧσσον</em></strong></span> <span class='ocrx_word' id='word_1_90' title='bbox 937 1286 1062 1369; x_wconf 77' lang='grc' dir='ltr'><strong><em>γὰρ</em></strong></span> <span class='ocrx_word' id='word_1_91' title='bbox 1109 1283 1195 1348; x_wconf 77' lang='grc' dir='ltr'><strong><em>ἂν</em></strong></span> <span class='ocrx_word' id='word_1_92' title='bbox 1249 1283 1737 1367; x_wconf 79' lang='grc' dir='ltr'><strong><em>ἐγκατελείπετο</em></strong></span> <span class='ocrx_word' id='word_1_93' title='bbox 1786 1284 1861 1350; x_wconf 82' lang='grc' dir='ltr'><strong><em>ἐν</em></strong></span> <span class='ocrx_word' id='word_1_94' title='bbox 1904 1294 1983 1370; x_wconf 77' lang='grc' dir='ltr'><strong><em>τῇ</em></strong></span> <span class='ocrx_word' id='word_1_95' title='bbox 2036 1288 2292 1369; x_wconf 86' lang='grc' dir='ltr'><strong><em>κινήσει</em></strong></span> <span class='ocrx_word' id='word_1_96' title='bbox 2320 1312 2372 1351; x_wconf 89' lang='lat'><strong><em>10</em></strong></span> 
     </span>
    </p>
   </div>
   <div class='ocr_carea' id='block_1_4' title="bbox 254 1390 2415 2649">
    <p class='ocr_par' dir='ltr' id='par_1_4' title="bbox 254 1390 2415 2649">
     <span class='ocr_line' id='line_1_12' title="bbox 258 1390 2292 1479; baseline 0.001 -24"><span class='ocrx_word' id='word_1_97' title='bbox 258 1399 394 1455; x_wconf 86' lang='grc' dir='ltr'><strong><em>τοῦ</em></strong></span> <span class='ocrx_word' id='word_1_98' title='bbox 447 1391 652 1455; x_wconf 78' lang='grc' dir='ltr'><strong><em>ἄλλου</em></strong></span> <span class='ocrx_word' id='word_1_99' title='bbox 709 1392 1023 1475; x_wconf 83' lang='grc' dir='ltr'><strong><em>σώματος.</em></strong></span> <span class='ocrx_word' id='word_1_100' title='bbox 1116 1391 1176 1455; x_wconf 84' lang='grc' dir='ltr'><strong><em>εῑ</em></strong></span> <span class='ocrx_word' id='word_1_101' title='bbox 1221 1390 1302 1456; x_wconf 85' lang='grc' dir='ltr'><strong><em>δέ</em></strong></span> <span class='ocrx_word' id='word_1_102' title='bbox 1340 1414 1441 1468; x_wconf 91' lang='grc' dir='ltr'><strong><em>τις</em></strong></span> <span class='ocrx_word' id='word_1_103' title='bbox 1486 1394 1774 1479; x_wconf 79' lang='grc' dir='ltr'><strong><em>σφαίρας</em></strong></span> <span class='ocrx_word' id='word_1_104' title='bbox 1829 1393 1953 1457; x_wconf 94' lang='grc' dir='ltr'><strong><em>δύο</em></strong></span> <span class='ocrx_word' id='word_1_105' title='bbox 2012 1393 2292 1478; x_wconf 80' lang='grc' dir='ltr'><strong><em>ράψαιτο</em></strong></span> 
     </span>
     <span class='ocr_line' id='line_1_13' title="bbox 261 1497 2415 1591; baseline 0.001 -28"><span class='ocrx_word' id='word_1_106' title='bbox 261 1497 341 1563; x_wconf 79' lang='grc' dir='ltr'><strong><em>ἐκ</em></strong></span> <span class='ocrx_word' id='word_1_107' title='bbox 392 1498 659 1574; x_wconf 86' lang='grc' dir='ltr'><strong><em>σκύτεος</em></strong></span> <span class='ocrx_word' id='word_1_108' title='bbox 703 1499 1080 1581; x_wconf 77' lang='grc' dir='ltr'><strong><em>Αἰγυπτίου</em></strong></span> <span class='ocrx_word' id='word_1_109' title='bbox 1135 1499 1443 1574; x_wconf 79' lang='grc' dir='ltr'><strong><em>τοιαύτας</em></strong></span> <span class='ocrx_word' id='word_1_110' title='bbox 1498 1499 1642 1575; x_wconf 81' lang='grc' dir='ltr'><strong><em>οἵας</em></strong></span> <span class='ocrx_word' id='word_1_111' title='bbox 1687 1498 2052 1585; x_wconf 83' lang='grc' dir='ltr'><strong><em>φορέουσιν</em></strong></span> <span class='ocrx_word' id='word_1_112' title='bbox 2107 1501 2173 1564; x_wconf 81' lang='grc' dir='ltr'><strong><em>οὶ</em></strong></span> <span class='ocrx_word' id='word_1_113' title='bbox 2218 1499 2293 1565; x_wconf 82' lang='grc' dir='ltr'><strong><em>ἐν</em></strong></span> <span class='ocrx_word' id='word_1_114' title='bbox 2411 1586 2415 1591; x_wconf 82' lang='lat'><em>.</em></span> 
     </span>
     <span class='ocr_line' id='line_1_14' title="bbox 257 1603 2291 1691; baseline 0.001 -23"><span class='ocrx_word' id='word_1_115' title='bbox 257 1613 420 1690; x_wconf 75' lang='grc' dir='ltr'><strong><em>τῇσι</em></strong></span> <span class='ocrx_word' id='word_1_116' title='bbox 463 1604 781 1689; x_wconf 75' lang='grc' dir='ltr'><strong><em>μεγάλῃσι</em></strong></span> <span class='ocrx_word' id='word_1_117' title='bbox 825 1603 1063 1689; x_wconf 79' lang='grc' dir='ltr'><strong><em>πέδῃσι</em></strong></span> <span class='ocrx_word' id='word_1_118' title='bbox 1107 1605 1361 1669; x_wconf 89' lang='grc' dir='ltr'><strong><em>πολλὸν</em></strong></span> <span class='ocrx_word' id='word_1_119' title='bbox 1406 1606 1654 1691; x_wconf 90' lang='grc' dir='ltr'><strong><em>χρόνον</em></strong></span> <span class='ocrx_word' id='word_1_120' title='bbox 1697 1603 2167 1690; x_wconf 80' lang='grc' dir='ltr'><strong><em>πεπεδημένοι,</em></strong></span> <span class='ocrx_word' id='word_1_121' title='bbox 2223 1607 2291 1670; x_wconf 80' lang='grc' dir='ltr'><strong><em>αὶ</em></strong></span> 
     </span>
     <span class='ocr_line' id='line_1_15' title="bbox 258 1707 2293 1797; baseline 0 -22"><span class='ocrx_word' id='word_1_122' title='bbox 258 1707 343 1775; x_wconf 74' lang='grc' dir='ltr'><strong><em>δὲ</em></strong></span> <span class='ocrx_word' id='word_1_123' title='bbox 403 1721 679 1797; x_wconf 86' lang='grc' dir='ltr'><strong><em>σφαῖραι</em></strong></span> <span class='ocrx_word' id='word_1_124' title='bbox 733 1713 949 1795; x_wconf 79' lang='grc' dir='ltr'><strong><em>ἔχοιεν</em></strong></span> <span class='ocrx_word' id='word_1_125' title='bbox 1004 1713 1207 1775; x_wconf 89' lang='grc' dir='ltr'><strong><em>ἔνθεν</em></strong></span> <span class='ocrx_word' id='word_1_126' title='bbox 1258 1712 1370 1776; x_wconf 78' lang='grc' dir='ltr'><strong><em>καὶ</em></strong></span> <span class='ocrx_word' id='word_1_127' title='bbox 1425 1713 1629 1776; x_wconf 85' lang='grc' dir='ltr'><strong><em>ἔνθεν</em></strong></span> <span class='ocrx_word' id='word_1_128' title='bbox 1682 1722 1991 1795; x_wconf 81' lang='grc' dir='ltr'><strong><em>χιτῶνας,</em></strong></span> <span class='ocrx_word' id='word_1_129' title='bbox 2046 1714 2126 1776; x_wconf 81' lang='grc' dir='ltr'><strong><em>τὰ</em></strong></span> <span class='ocrx_word' id='word_1_130' title='bbox 2170 1708 2293 1795; x_wconf 74' lang='grc' dir='ltr'><strong><em>μὲν</em></strong></span> 
     </span>
     <span class='ocr_line' id='line_1_16' title="bbox 258 1813 2371 1904; baseline 0 -23"><span class='ocrx_word' id='word_1_131' title='bbox 258 1817 436 1901; x_wconf 88' lang='grc' dir='ltr'><strong><em>πρὸς</em></strong></span> <span class='ocrx_word' id='word_1_132' title='bbox 479 1825 599 1882; x_wconf 88' lang='grc' dir='ltr'><strong><em>τοῦ</em></strong></span> <span class='ocrx_word' id='word_1_133' title='bbox 645 1818 980 1902; x_wconf 83' lang='grc' dir='ltr'><strong><em>τρώματος</em></strong></span> <span class='ocrx_word' id='word_1_134' title='bbox 1024 1814 1473 1903; x_wconf 82' lang='grc' dir='ltr'><strong><em>βαθυτέρους,</em></strong></span> <span class='ocrx_word' id='word_1_135' title='bbox 1529 1818 1610 1881; x_wconf 77' lang='grc' dir='ltr'><strong><em>τὰ</em></strong></span> <span class='ocrx_word' id='word_1_136' title='bbox 1657 1813 1731 1881; x_wconf 77' lang='grc' dir='ltr'><strong><em>δὲ</em></strong></span> <span class='ocrx_word' id='word_1_137' title='bbox 1775 1816 1943 1904; x_wconf 85' lang='grc' dir='ltr'><strong><em>πρὸς</em></strong></span> <span class='ocrx_word' id='word_1_138' title='bbox 1997 1828 2132 1882; x_wconf 83' lang='grc' dir='ltr'><strong><em>τῶν</em></strong></span> <span class='ocrx_word' id='word_1_139' title='bbox 2178 1819 2291 1904; x_wconf 76' lang='grc' dir='ltr'><strong><em>ἄρ-</em></strong></span> <span class='ocrx_word' id='word_1_140' title='bbox 2320 1842 2371 1883; x_wconf 84' lang='lat'><strong><em>15</em></strong></span> 
     </span>
     <span class='ocr_line' id='line_1_17' title="bbox 260 1918 2291 2010; baseline 0 -21"><span class='ocrx_word' id='word_1_141' title='bbox 260 1931 461 2009; x_wconf 91' lang='grc' dir='ltr'><strong><em>θρων</em></strong></span> <span class='ocrx_word' id='word_1_142' title='bbox 505 1921 971 2010; x_wconf 83' lang='grc' dir='ltr'><strong><em>βραχυτέρους,</em></strong></span> <span class='ocrx_word' id='word_1_143' title='bbox 1019 1918 1153 1989; x_wconf 80' lang='grc' dir='ltr'><strong><em>εἶεν</em></strong></span> <span class='ocrx_word' id='word_1_144' title='bbox 1200 1919 1274 1989; x_wconf 75' lang='grc' dir='ltr'><strong><em>δὲ</em></strong></span> <span class='ocrx_word' id='word_1_145' title='bbox 1316 1923 1592 2010; x_wconf 82' lang='grc' dir='ltr'><strong><em>ὀγκηραὶ</em></strong></span> <span class='ocrx_word' id='word_1_146' title='bbox 1630 1920 1754 2009; x_wconf 76' lang='grc' dir='ltr'><strong><em>μὲν</em></strong></span> <span class='ocrx_word' id='word_1_147' title='bbox 1788 1924 1899 1990; x_wconf 83' lang='grc' dir='ltr'><strong><em>καὶ</em></strong></span> <span class='ocrx_word' id='word_1_148' title='bbox 1935 1925 2291 2009; x_wconf 86' lang='grc' dir='ltr'><strong><em>μαλθακαί,</em></strong></span> 
     </span>
     <span class='ocr_line' id='line_1_18' title="bbox 260 2027 2291 2118; baseline 0 -22"><span class='ocrx_word' id='word_1_149' title='bbox 260 2032 670 2117; x_wconf 80' lang='grc' dir='ltr'><strong><em>ἁρμόζουσαι</em></strong></span> <span class='ocrx_word' id='word_1_150' title='bbox 718 2030 819 2115; x_wconf 93' lang='grc' dir='ltr'><strong><em>δέ,</em></strong></span> <span class='ocrx_word' id='word_1_151' title='bbox 879 2031 920 2115; x_wconf 82' lang='grc' dir='ltr'><em>ἡ</em></span> <span class='ocrx_word' id='word_1_152' title='bbox 966 2027 1090 2115; x_wconf 75' lang='grc' dir='ltr'><strong><em>μὲν</em></strong></span> <span class='ocrx_word' id='word_1_153' title='bbox 1133 2038 1226 2118; x_wconf 77' lang='grc' dir='ltr'><strong><em>τῷ</em></strong></span> <span class='ocrx_word' id='word_1_154' title='bbox 1272 2031 1540 2096; x_wconf 77' lang='grc' dir='ltr'><strong><em>ἄνωθεν</em></strong></span> <span class='ocrx_word' id='word_1_155' title='bbox 1593 2041 1728 2096; x_wconf 76' lang='grc' dir='ltr'><strong><em>τῶν</em></strong></span> <span class='ocrx_word' id='word_1_156' title='bbox 1774 2042 2074 2118; x_wconf 84' lang='grc' dir='ltr'><strong><em>σφυρῶν,</em></strong></span> <span class='ocrx_word' id='word_1_157' title='bbox 2127 2030 2168 2114; x_wconf 83' lang='grc' dir='ltr'><em>ἡ</em></span> <span class='ocrx_word' id='word_1_158' title='bbox 2218 2028 2291 2096; x_wconf 74' lang='grc' dir='ltr'><strong><em>δὲ</em></strong></span> 
     </span>
     <span class='ocr_line' id='line_1_19' title="bbox 257 2133 2397 2224; baseline 0.003 -23"><span class='ocrx_word' id='word_1_159' title='bbox 257 2145 359 2224; x_wconf 75' lang='grc' dir='ltr'><strong><em>τῷ</em></strong></span> <span class='ocrx_word' id='word_1_160' title='bbox 404 2138 709 2202; x_wconf 78' lang='grc' dir='ltr'><strong><em>κάτωθεν</em></strong></span> <span class='ocrx_word' id='word_1_161' title='bbox 762 2146 882 2202; x_wconf 87' lang='grc' dir='ltr'><strong><em>τοῦ</em></strong></span> <span class='ocrx_word' id='word_1_162' title='bbox 937 2134 1308 2224; x_wconf 82' lang='grc' dir='ltr'><strong><em>γούΙνατος,</em></strong></span> <span class='ocrx_word' id='word_1_163' title='bbox 1383 2136 1455 2202; x_wconf 81' lang='grc' dir='ltr'><strong><em>ἐκ</em></strong></span> <span class='ocrx_word' id='word_1_164' title='bbox 1520 2133 1595 2202; x_wconf 75' lang='grc' dir='ltr'><strong><em>δὲ</em></strong></span> <span class='ocrx_word' id='word_1_165' title='bbox 1658 2140 1939 2222; x_wconf 86' lang='grc' dir='ltr'><strong><em>πλαγίης</em></strong></span> <span class='ocrx_word' id='word_1_166' title='bbox 2003 2136 2270 2224; x_wconf 79' lang='grc' dir='ltr'><strong><em>ἑκατέρη</em></strong></span> <span class='ocrx_word' id='word_1_167' title='bbox 2294 2159 2397 2208; x_wconf 82' lang='grc'><strong><em>520</em></strong></span> 
     </span>
     <span class='ocr_line' id='line_1_20' title="bbox 257 2242 2292 2330; baseline 0 -20"><span class='ocrx_word' id='word_1_168' title='bbox 257 2245 469 2310; x_wconf 79' lang='grc' dir='ltr'><strong><em>δισσὰ</em></strong></span> <span class='ocrx_word' id='word_1_169' title='bbox 505 2242 917 2329; x_wconf 76' lang='grc' dir='ltr'><strong><em>ἑκατέρωθεν</em></strong></span> <span class='ocrx_word' id='word_1_170' title='bbox 954 2246 1094 2327; x_wconf 83' lang='grc' dir='ltr'><strong><em>ἔχοι</em></strong></span> <span class='ocrx_word' id='word_1_171' title='bbox 1121 2247 1631 2330; x_wconf 87' lang='grc' dir='ltr'><strong><em>προσαρτήματα</em></strong></span> <span class='ocrx_word' id='word_1_172' title='bbox 1657 2243 1698 2327; x_wconf 74' lang='grc' dir='ltr'><em>ἢ</em></span> <span class='ocrx_word' id='word_1_173' title='bbox 1737 2244 1991 2311; x_wconf 82' lang='grc' dir='ltr'><strong><em>ἆπλόου</em></strong></span> <span class='ocrx_word' id='word_1_174' title='bbox 2022 2246 2292 2330; x_wconf 81' lang='grc' dir='ltr'><strong><em>ὶμάντος</em></strong></span> 
     </span>
     <span class='ocr_line' id='line_1_21' title="bbox 254 2347 2412 2436; baseline 0.001 -22"><span class='ocrx_word' id='word_1_175' title='bbox 254 2351 302 2434; x_wconf 73' lang='grc' dir='ltr'><em>ἢ</em></span> <span class='ocrx_word' id='word_1_176' title='bbox 347 2351 652 2434; x_wconf 91' lang='grc' dir='ltr'><strong><em>διπλόου,</em></strong></span> <span class='ocrx_word' id='word_1_177' title='bbox 692 2347 940 2436; x_wconf 87' lang='grc' dir='ltr'><strong><em>βραχέα</em></strong></span> <span class='ocrx_word' id='word_1_178' title='bbox 976 2350 1194 2436; x_wconf 81' lang='grc' dir='ltr'><strong><em>ὥσπερ</em></strong></span> <span class='ocrx_word' id='word_1_179' title='bbox 1238 2349 1548 2434; x_wconf 83' lang='grc' dir='ltr'><strong><em>ἀγκύλας,</em></strong></span> <span class='ocrx_word' id='word_1_180' title='bbox 1584 2352 1664 2415; x_wconf 77' lang='grc' dir='ltr'><strong><em>τα</em></strong></span> <span class='ocrx_word' id='word_1_181' title='bbox 1700 2350 1823 2435; x_wconf 90' lang='grc' dir='ltr'><strong><em>μέν</em></strong></span> <span class='ocrx_word' id='word_1_182' title='bbox 1858 2374 1923 2416; x_wconf 91' lang='grc' dir='ltr'><strong><em>τι</em></strong></span> <span class='ocrx_word' id='word_1_183' title='bbox 1958 2361 2079 2417; x_wconf 85' lang='grc' dir='ltr'><strong><em>τοῦ</em></strong></span> <span class='ocrx_word' id='word_1_184' title='bbox 2118 2368 2289 2435; x_wconf 91' lang='grc' dir='ltr'><strong><em>σφυ-</em></strong></span> <span class='ocrx_word' id='word_1_185' title='bbox 2318 2378 2370 2418; x_wconf 71' lang='lat' dir='ltr'><strong><em>zo</em></strong></span> <span class='ocrx_word' id='word_1_186' title='bbox 2406 2424 2412 2428; x_wconf 41' lang='grc'><strong><em>,</em></strong></span> 
     </span>
     <span class='ocr_line' id='line_1_22' title="bbox 260 2444 2291 2543; baseline 0 -22"><span class='ocrx_word' id='word_1_187' title='bbox 260 2466 393 2543; x_wconf 84' lang='grc' dir='ltr'><strong><em>ροῦ</em></strong></span> <span class='ocrx_word' id='word_1_188' title='bbox 440 2454 871 2543; x_wconf 78' lang='grc' dir='ltr'><strong><em>ἑκατέρωθεν,</em></strong></span> <span class='ocrx_word' id='word_1_189' title='bbox 921 2457 1001 2520; x_wconf 80' lang='grc' dir='ltr'><strong><em>τὰ</em></strong></span> <span class='ocrx_word' id='word_1_190' title='bbox 1048 2444 1126 2522; x_wconf 88' lang='grc' dir='ltr'><strong><em>δέ</em></strong></span> <span class='ocrx_word' id='word_1_191' title='bbox 1164 2480 1231 2522; x_wconf 89' lang='grc' dir='ltr'><strong><em>τι</em></strong></span> <span class='ocrx_word' id='word_1_192' title='bbox 1273 2464 1395 2521; x_wconf 84' lang='grc' dir='ltr'><strong><em>τοῦ</em></strong></span> <span class='ocrx_word' id='word_1_193' title='bbox 1443 2457 1796 2541; x_wconf 86' lang='grc' dir='ltr'><strong><em>γούνατος,</em></strong></span> <span class='ocrx_word' id='word_1_194' title='bbox 1857 2457 1990 2539; x_wconf 84' lang='grc' dir='ltr'><strong><em>[καὶ</em></strong></span> <span class='ocrx_word' id='word_1_195' title='bbox 2034 2457 2075 2541; x_wconf 78' lang='grc' dir='ltr'><em>ἡ</em></span> <span class='ocrx_word' id='word_1_196' title='bbox 2122 2459 2291 2522; x_wconf 78' lang='grc' dir='ltr'><strong><em>ἄνω-</em></strong></span> 
     </span>
     <span class='ocr_line' id='line_1_23' title="bbox 258 2560 2393 2649; baseline 0.001 -21"><span class='ocrx_word' id='word_1_197' title='bbox 258 2570 397 2629; x_wconf 90' lang='grc' dir='ltr'><strong><em>θεν</em></strong></span> <span class='ocrx_word' id='word_1_198' title='bbox 443 2573 693 2649; x_wconf 85' lang='grc' dir='ltr'><strong><em>σφαῖρα</em></strong></span> <span class='ocrx_word' id='word_1_199' title='bbox 732 2560 740 2649; x_wconf 89' lang='grc' dir='ltr'>Ι</span> <span class='ocrx_word' id='word_1_200' title='bbox 781 2560 968 2647; x_wconf 80' lang='grc' dir='ltr'><strong><em>ἕτερα</em></strong></span> <span class='ocrx_word' id='word_1_201' title='bbox 1023 2571 1298 2627; x_wconf 84' lang='grc' dir='ltr'><strong><em>τοιαῦτα</em></strong></span> <span class='ocrx_word' id='word_1_202' title='bbox 1343 2563 1511 2648; x_wconf 85' lang='grc' dir='ltr'><strong><em>ἔχοι]</em></strong></span> <span class='ocrx_word' id='word_1_203' title='bbox 1564 2565 1727 2628; x_wconf 77' lang='grc' dir='ltr'><strong><em>κατὰ</em></strong></span> <span class='ocrx_word' id='word_1_204' title='bbox 1770 2564 1892 2647; x_wconf 83' lang='grc' dir='ltr'><strong><em>τὴν</em></strong></span> <span class='ocrx_word' id='word_1_205' title='bbox 1940 2565 2272 2648; x_wconf 80' lang='grc' dir='ltr'><strong><em>ῑθυωρίην</em></strong></span> <span class='ocrx_word' id='word_1_206' title='bbox 2291 2580 2393 2630; x_wconf 85' lang='grc'><strong><em>522</em></strong></span> 
     </span>
    </p>
   </div>
   <div class='ocr_carea' id='block_1_5' title="bbox 257 2750 2292 3608">
    <p class='ocr_par' dir='ltr' id='par_1_5' title="bbox 257 2750 2292 3608">
     <span class='ocr_line' id='line_1_24' title="bbox 410 2750 2289 2825; baseline 0.002 -17"><span class='ocrx_word' id='word_1_207' title='bbox 410 2761 441 2808; x_wconf 86' lang='grc'><strong>3</strong></span> <span class='ocrx_word' id='word_1_208' title='bbox 480 2755 587 2825; x_wconf 77' lang='grc' dir='ltr'><strong><em>γὰρ</em></strong></span> <span class='ocrx_word' id='word_1_209' title='bbox 626 2771 731 2809; x_wconf 87' lang='lat' dir='ltr'><strong><em>om.</em></strong></span> <span class='ocrx_word' id='word_1_210' title='bbox 761 2753 882 2808; x_wconf 89' lang='lat' dir='ltr'><strong><em>MV</em></strong></span> <span class='ocrx_word' id='word_1_211' title='bbox 989 2759 1020 2808; x_wconf 85' lang='lat'><strong>5</strong></span> <span class='ocrx_word' id='word_1_212' title='bbox 1059 2774 1158 2809; x_wconf 87' lang='grc' dir='ltr'><strong><em>ουτ</em></strong></span> <span class='ocrx_word' id='word_1_213' title='bbox 1194 2774 1372 2824; x_wconf 86' lang='grc' dir='ltr'><strong><em>αυτην</em></strong></span> <span class='ocrx_word' id='word_1_214' title='bbox 1410 2771 1557 2810; x_wconf 85' lang='grc' dir='ltr'><strong><em>εστιν</em></strong></span> <span class='ocrx_word' id='word_1_215' title='bbox 1595 2754 1705 2808; x_wconf 81' lang='grc' dir='ltr'><strong><em>εἰθ.</em></strong></span> <span class='ocrx_word' id='word_1_216' title='bbox 1734 2754 1797 2820; x_wconf 92' lang='grc' dir='ltr'><strong>Β</strong></span> <span class='ocrx_word' id='word_1_217' title='bbox 1836 2752 1955 2809; x_wconf 78' lang='grc' dir='ltr'><strong><em>οὔτ’</em></strong></span> <span class='ocrx_word' id='word_1_218' title='bbox 1990 2750 2061 2809; x_wconf 82' lang='grc' dir='ltr'><strong><em>αὖ</em></strong></span> <span class='ocrx_word' id='word_1_219' title='bbox 2100 2755 2157 2819; x_wconf 84' lang='grc' dir='ltr'><strong><em>ἐς</em></strong></span> <span class='ocrx_word' id='word_1_220' title='bbox 2186 2755 2252 2824; x_wconf 90' lang='grc' dir='ltr'><strong><em>τὴ</em></strong></span> <span class='ocrx_word' id='word_1_221' title='bbox 2256 2776 2289 2811; x_wconf 84' lang='grc' dir='ltr'><strong><em>ν</em></strong></span> 
     </span>
     <span class='ocr_line' id='line_1_25' title="bbox 262 2822 2291 2896; baseline -0.001 -13"><span class='ocrx_word' id='word_1_222' title='bbox 262 2828 382 2883; x_wconf 66' lang='lat' dir='ltr'><strong><em>effi·-</em></strong></span> <span class='ocrx_word' id='word_1_223' title='bbox 422 2826 525 2895; x_wconf 81' lang='grc' dir='ltr'><strong><em>(ἰθ.</em></strong></span> <span class='ocrx_word' id='word_1_224' title='bbox 555 2826 625 2895; x_wconf 89' lang='lat' dir='ltr'><strong><em>V)</em></strong></span> <span class='ocrx_word' id='word_1_225' title='bbox 662 2825 814 2893; x_wconf 81' lang='lat' dir='ltr'>B⁸V,</span> <span class='ocrx_word' id='word_1_226' title='bbox 851 2822 973 2880; x_wconf 81' lang='grc' dir='ltr'><strong><em>οὐτ’</em></strong></span> <span class='ocrx_word' id='word_1_227' title='bbox 1006 2823 1080 2879; x_wconf 73' lang='grc' dir='ltr'><strong><em>ἂν</em></strong></span> <span class='ocrx_word' id='word_1_228' title='bbox 1118 2826 1174 2889; x_wconf 80' lang='grc' dir='ltr'><strong><em>ἐς</em></strong></span> <span class='ocrx_word' id='word_1_229' title='bbox 1210 2826 1288 2896; x_wconf 84' lang='grc' dir='ltr'><strong><em>(ἐς</em></strong></span> <span class='ocrx_word' id='word_1_230' title='bbox 1325 2825 1671 2895; x_wconf 78' lang='lat' dir='ltr'><strong>semirasum)</strong></span> <span class='ocrx_word' id='word_1_231' title='bbox 1706 2845 1753 2879; x_wconf 90' lang='grc' dir='ltr'><strong><em>τ.</em></strong></span> <span class='ocrx_word' id='word_1_232' title='bbox 1784 2826 1867 2880; x_wconf 75' lang='grc' dir='ltr'><strong><em>ἰθ.</em></strong></span> <span class='ocrx_word' id='word_1_233' title='bbox 1896 2826 1956 2878; x_wconf 90' lang='lat' dir='ltr'>M</span> <span class='ocrx_word' id='word_1_234' title='bbox 2064 2825 2291 2896; x_wconf 81' lang='grc' dir='ltr'><strong><em>ὠφελέει</em></strong></span> 
     </span>
     <span class='ocr_line' id='line_1_26' title="bbox 261 2895 2288 2966; baseline 0 -14"><span class='ocrx_word' id='word_1_235' title='bbox 261 2897 428 2952; x_wconf 80' lang='lat' dir='ltr'><strong>codd.</strong></span> <span class='ocrx_word' id='word_1_236' title='bbox 577 2903 609 2950; x_wconf 83' lang='lat'>6</span> <span class='ocrx_word' id='word_1_237' title='bbox 648 2910 915 2966; x_wconf 78' lang='grc' dir='ltr'><strong><em>στρεφοιμ</em></strong></span> <span class='ocrx_word' id='word_1_238' title='bbox 917 2895 1048 2951; x_wconf 85' lang='grc' dir='ltr'><strong><em>ένου</em></strong></span> <span class='ocrx_word' id='word_1_239' title='bbox 1084 2897 1144 2949; x_wconf 91' lang='grc' dir='ltr'>Μ</span> <span class='ocrx_word' id='word_1_240' title='bbox 1263 2901 1293 2949; x_wconf 84' lang='grc'><strong>7</strong></span> <span class='ocrx_word' id='word_1_241' title='bbox 1332 2897 1500 2952; x_wconf 79' lang='grc' dir='ltr'><strong><em>οὐδὲν</em></strong></span> <span class='ocrx_word' id='word_1_242' title='bbox 1538 2913 1643 2950; x_wconf 88' lang='lat' dir='ltr'><strong><em>om.</em></strong></span> <span class='ocrx_word' id='word_1_243' title='bbox 1674 2896 1720 2949; x_wconf 97' lang='grc' dir='ltr'><strong>Β</strong></span> <span class='ocrx_word' id='word_1_244' title='bbox 1837 2901 1869 2949; x_wconf 89' lang='grc'>8</span> <span class='ocrx_word' id='word_1_245' title='bbox 1905 2896 1977 2950; x_wconf 78' lang='grc' dir='ltr'><strong><em>τὰ</em></strong></span> <span class='ocrx_word' id='word_1_246' title='bbox 2012 2900 2141 2966; x_wconf 75' lang='lat' dir='ltr'>post</span> <span class='ocrx_word' id='word_1_247' title='bbox 2178 2897 2288 2952; x_wconf 86' lang='grc' dir='ltr'><strong><em>ὀστ.</em></strong></span> 
     </span>
     <span class='ocr_line' id='line_1_27' title="bbox 258 2917 2185 3038; baseline -0.001 -15"><span class='ocrx_word' id='word_1_248' title='bbox 258 2986 374 3023; x_wconf 88' lang='lat' dir='ltr'><strong><em>om.</em></strong></span> <span class='ocrx_word' id='word_1_249' title='bbox 404 2967 527 3022; x_wconf 89' lang='lat' dir='ltr'><strong><em>MV</em></strong></span> <span class='ocrx_word' id='word_1_250' title='bbox 626 2917 1029 3023; x_wconf 75' lang='grc' dir='ltr'><strong><em>ἐπακολουθέει</em></strong></span> <span class='ocrx_word' id='word_1_251' title='bbox 1065 2967 1186 3022; x_wconf 89' lang='lat' dir='ltr'><strong><em>MV</em></strong></span> <span class='ocrx_word' id='word_1_252' title='bbox 1332 2972 1395 3021; x_wconf 91' lang='grc'><strong><em>12</em></strong></span> <span class='ocrx_word' id='word_1_253' title='bbox 1436 2968 1674 3030; x_wconf 84' lang='grc' dir='ltr'><strong><em>σκύτεως</em></strong></span> <span class='ocrx_word' id='word_1_254' title='bbox 1708 2967 1760 3021; x_wconf 91' lang='lat' dir='ltr'>V</span> <span class='ocrx_word' id='word_1_255' title='bbox 1859 2968 1955 3038; x_wconf 77' lang='grc' dir='ltr'><strong><em>αἰγ</em></strong></span> <span class='ocrx_word' id='word_1_256' title='bbox 1956 2966 2089 3022; x_wconf 85' lang='grc' dir='ltr'><strong><em>υπτί</em></strong></span> <span class='ocrx_word' id='word_1_257' title='bbox 2125 2968 2185 3021; x_wconf 91' lang='grc' dir='ltr'>Μ</span> 
     </span>
     <span class='ocr_line' id='line_1_28' title="bbox 260 3038 2292 3193; baseline -0 -28"><span class='ocrx_word' id='word_1_258' title='bbox 260 3038 674 3166; x_wconf 52' lang='grc' dir='ltr'><strong><em>φὲρῆυὸκνσῖ),</em></strong></span> <span class='ocrx_word' id='word_1_259' title='bbox 707 3038 830 3171; x_wconf 59' lang='grc' dir='ltr'><strong><em>ΜΣ</em></strong></span> <span class='ocrx_word' id='word_1_260' title='bbox 865 3108 918 3163; x_wconf 85' lang='lat' dir='ltr'><strong>v</strong></span> <span class='ocrx_word' id='word_1_261' title='bbox 961 3044 1026 3091; x_wconf 76' lang='lat'><strong><em>¹³</em></strong></span> <span class='ocrx_word' id='word_1_262' title='bbox 1041 3038 1391 3180; x_wconf 55' lang='grc' dir='ltr'><strong><em>ιῗσὲφΒω...</em></strong></span> <span class='ocrx_word' id='word_1_263' title='bbox 1427 3044 1683 3164; x_wconf 57' lang='grc' dir='ltr'><strong><em>,ἷέίῗὲ</em></strong></span> <span class='ocrx_word' id='word_1_264' title='bbox 1688 3039 1880 3193; x_wconf 60' lang='grc' dir='ltr'><em>Ἥ</em></span> <span class='ocrx_word' id='word_1_265' title='bbox 1920 3040 2161 3165; x_wconf 56' lang='lat'><strong><em>⁰532?</em></strong></span> <span class='ocrx_word' id='word_1_266' title='bbox 2194 3059 2292 3164; x_wconf 53' lang='lat'><strong><em>⁶⁰}</em></strong></span> 
     </span>
     <span class='ocr_line' id='line_1_29' title="bbox 257 3130 2289 3251; baseline 0 -16"><span class='ocrx_word' id='word_1_267' title='bbox 257 3132 292 3165; x_wconf 59' lang='grc' dir='ltr'><strong>τ</strong></span> <span class='ocrx_word' id='word_1_268' title='bbox 413 3187 478 3235; x_wconf 90' lang='grc'><strong><em>19</em></strong></span> <span class='ocrx_word' id='word_1_269' title='bbox 514 3130 941 3271; x_wconf 51' lang='grc' dir='ltr'><strong><em>πρῗστῖμΐῃμένα</em></strong></span> <span class='ocrx_word' id='word_1_270' title='bbox 985 3180 1058 3247; x_wconf 92' lang='lat' dir='ltr'><strong><em>B,</em></strong></span> <span class='ocrx_word' id='word_1_271' title='bbox 1113 3196 1265 3248; x_wconf 85' lang='grc' dir='ltr'><strong><em>-τισμ</em></strong></span> <span class='ocrx_word' id='word_1_272' title='bbox 1267 3178 1368 3235; x_wconf 88' lang='grc' dir='ltr'><strong><em>ένα</em></strong></span> <span class='ocrx_word' id='word_1_273' title='bbox 1414 3180 1558 3248; x_wconf 89' lang='lat' dir='ltr'><strong><em>MV,</em></strong></span> <span class='ocrx_word' id='word_1_274' title='bbox 1615 3180 1836 3250; x_wconf 77' lang='lat' dir='ltr'>scripsi</span> <span class='ocrx_word' id='word_1_275' title='bbox 1855 3131 2289 3250; x_wconf 58' lang='grc' dir='ltr'><strong><em>προσαρτῖᾔηςω</em></strong></span> 
     </span>
     <span class='ocr_line' id='line_1_30' title="bbox 258 3200 2289 3323; baseline -0.001 -16"><span class='ocrx_word' id='word_1_276' title='bbox 258 3251 358 3323; x_wconf 85' lang='lat' dir='ltr'><strong>(cf.</strong></span> <span class='ocrx_word' id='word_1_277' title='bbox 390 3251 780 3322; x_wconf 79' lang='grc' dir='ltr'><strong><em>ἐξαρτημάτων</em></strong></span> <span class='ocrx_word' id='word_1_278' title='bbox 818 3251 939 3305; x_wconf 78' lang='lat' dir='ltr'><strong>Gal.</strong></span> <span class='ocrx_word' id='word_1_279' title='bbox 971 3268 1015 3305; x_wconf 86' lang='lat' dir='ltr'><strong><em>c.</em></strong></span> <span class='ocrx_word' id='word_1_280' title='bbox 1044 3200 1265 3317; x_wconf 49' lang='lat' dir='ltr'><strong><em>vafb</em></strong></span> <span class='ocrx_word' id='word_1_281' title='bbox 1270 3257 1319 3317; x_wconf 93' lang='grc'><strong><em>2,</em></strong></span> <span class='ocrx_word' id='word_1_282' title='bbox 1352 3255 1476 3321; x_wconf 83' lang='grc'><strong>579)</strong></span> <span class='ocrx_word' id='word_1_283' title='bbox 1584 3251 1764 3306; x_wconf 82' lang='grc' dir='ltr'><strong><em>απλοῦ</em></strong></span> <span class='ocrx_word' id='word_1_284' title='bbox 1792 3251 1913 3306; x_wconf 89' lang='lat' dir='ltr'><strong><em>MV</em></strong></span> <span class='ocrx_word' id='word_1_285' title='bbox 2002 3253 2077 3322; x_wconf 86' lang='grc' dir='ltr'><strong><em>ἰμ.</em></strong></span> <span class='ocrx_word' id='word_1_286' title='bbox 2098 3201 2289 3305; x_wconf 60' lang='grc' dir='ltr'><em>Ἶματα</em></span> 
     </span>
     <span class='ocr_line' id='line_1_31' title="bbox 260 3273 2285 3396; baseline -0.002 -18"><span class='ocrx_word' id='word_1_287' title='bbox 260 3329 338 3378; x_wconf 87' lang='grc'><strong><em>20</em></strong></span> <span class='ocrx_word' id='word_1_288' title='bbox 374 3323 689 3396; x_wconf 77' lang='grc' dir='ltr'><strong><em>βραχύτερα</em></strong></span> <span class='ocrx_word' id='word_1_289' title='bbox 725 3322 846 3376; x_wconf 83' lang='lat' dir='ltr'><strong><em>MV</em></strong></span> <span class='ocrx_word' id='word_1_290' title='bbox 980 3327 1064 3374; x_wconf 91' lang='grc'><strong><em>20.</em></strong></span> <span class='ocrx_word' id='word_1_291' title='bbox 1096 3327 1160 3375; x_wconf 84' lang='grc'><strong><em>21</em></strong></span> <span class='ocrx_word' id='word_1_292' title='bbox 1202 3338 1391 3392; x_wconf 76' lang='grc' dir='ltr'><strong><em>σφυγμ</em></strong></span> <span class='ocrx_word' id='word_1_293' title='bbox 1392 3330 1458 3376; x_wconf 80' lang='grc' dir='ltr'><strong><em>οῦ</em></strong></span> <span class='ocrx_word' id='word_1_294' title='bbox 1496 3322 1547 3375; x_wconf 90' lang='lat' dir='ltr'>V</span> <span class='ocrx_word' id='word_1_295' title='bbox 1686 3342 1753 3391; x_wconf 84' lang='grc' dir='ltr'><strong><em>τη</em></strong></span> <span class='ocrx_word' id='word_1_296' title='bbox 1791 3273 2062 3390; x_wconf 47' lang='lat' dir='ltr'><strong><em>utroque?</em></strong></span> <span class='ocrx_word' id='word_1_297' title='bbox 2064 3323 2188 3376; x_wconf 81' lang='lat' dir='ltr'>loco</span> <span class='ocrx_word' id='word_1_298' title='bbox 2224 3322 2285 3385; x_wconf 91' lang='lat' dir='ltr'><strong><em>B,</em></strong></span> 
     </span>
     <span class='ocr_line' id='line_1_32' title="bbox 258 3390 2288 3466; baseline -0.002 -17"><span class='ocrx_word' id='word_1_299' title='bbox 258 3395 452 3466; x_wconf 81' lang='lat' dir='ltr'>priore</span> <span class='ocrx_word' id='word_1_300' title='bbox 488 3411 624 3448; x_wconf 78' lang='lat' dir='ltr'>corr.</span> <span class='ocrx_word' id='word_1_301' title='bbox 654 3413 743 3448; x_wconf 87' lang='grc' dir='ltr'><strong><em>τοι</em></strong></span> <span class='ocrx_word' id='word_1_302' title='bbox 777 3392 867 3460; x_wconf 63' lang='grc' dir='ltr'><strong><em>ΒΒ,</em></strong></span> <span class='ocrx_word' id='word_1_303' title='bbox 904 3412 960 3446; x_wconf 91' lang='grc' dir='ltr'><strong><em>τι</em></strong></span> <span class='ocrx_word' id='word_1_304' title='bbox 994 3392 1081 3446; x_wconf 84' lang='lat' dir='ltr'><strong><em>bis</em></strong></span> <span class='ocrx_word' id='word_1_305' title='bbox 1119 3391 1238 3446; x_wconf 92' lang='lat' dir='ltr'><strong><em>MV</em></strong></span> <span class='ocrx_word' id='word_1_306' title='bbox 1338 3398 1403 3446; x_wconf 90' lang='grc'><strong><em>21</em></strong></span> <span class='ocrx_word' id='word_1_307' title='bbox 1443 3390 1560 3461; x_wconf 78' lang='grc' dir='ltr'><strong><em>γ.όν</em></strong></span> <span class='ocrx_word' id='word_1_308' title='bbox 1591 3391 1642 3445; x_wconf 92' lang='lat' dir='ltr'>V</span> <span class='ocrx_word' id='word_1_309' title='bbox 1712 3396 1841 3462; x_wconf 74' lang='lat' dir='ltr'><strong>post</strong></span> <span class='ocrx_word' id='word_1_310' title='bbox 1877 3413 2029 3463; x_wconf 76' lang='grc' dir='ltr'><strong><em>γουν.</em></strong></span> <span class='ocrx_word' id='word_1_311' title='bbox 2061 3393 2189 3445; x_wconf 79' lang='lat' dir='ltr'><strong>add.</strong></span> <span class='ocrx_word' id='word_1_312' title='bbox 2218 3410 2288 3444; x_wconf 87' lang='grc' dir='ltr'><strong><em>τα</em></strong></span> 
     </span>
     <span class='ocr_line' id='line_1_33' title="bbox 261 3461 2285 3537; baseline -0.003 -16"><span class='ocrx_word' id='word_1_313' title='bbox 261 3486 367 3537; x_wconf 87' lang='grc' dir='ltr'><strong><em>μεν</em></strong></span> <span class='ocrx_word' id='word_1_314' title='bbox 403 3486 458 3520; x_wconf 90' lang='grc' dir='ltr'><strong><em>τι</em></strong></span> <span class='ocrx_word' id='word_1_315' title='bbox 493 3486 563 3520; x_wconf 88' lang='grc' dir='ltr'><strong><em>τα</em></strong></span> <span class='ocrx_word' id='word_1_316' title='bbox 602 3467 722 3519; x_wconf 88' lang='grc' dir='ltr'><strong><em>δετι</em></strong></span> <span class='ocrx_word' id='word_1_317' title='bbox 757 3465 802 3517; x_wconf 95' lang='grc' dir='ltr'><strong>Β</strong></span> <span class='ocrx_word' id='word_1_318' title='bbox 949 3468 1033 3518; x_wconf 90' lang='grc'><strong><em>21.</em></strong></span> <span class='ocrx_word' id='word_1_319' title='bbox 1064 3469 1132 3516; x_wconf 91' lang='grc'><strong><em>22</em></strong></span> <span class='ocrx_word' id='word_1_320' title='bbox 1179 3464 1317 3517; x_wconf 82' lang='grc' dir='ltr'><strong><em>καὶ.</em></strong></span> <span class='ocrx_word' id='word_1_321' title='bbox 1398 3463 1556 3534; x_wconf 82' lang='grc' dir='ltr'><strong><em>.ἔχοι</em></strong></span> <span class='ocrx_word' id='word_1_322' title='bbox 1602 3463 1798 3530; x_wconf 81' lang='lat' dir='ltr'>delevi,</span> <span class='ocrx_word' id='word_1_323' title='bbox 1837 3464 1973 3517; x_wconf 82' lang='grc' dir='ltr'><strong><em>καὶ.</em></strong></span> <span class='ocrx_word' id='word_1_324' title='bbox 2053 3461 2285 3527; x_wconf 77' lang='grc' dir='ltr'><strong><em>..αὐτήν</em></strong></span> 
     </span>
     <span class='ocr_line' id='line_1_34' title="bbox 262 3534 1216 3608; baseline -0.004 -17"><span class='ocrx_word' id='word_1_325' title='bbox 262 3540 450 3608; x_wconf 87' lang='grc'><strong><em>(92,1)</em></strong></span> <span class='ocrx_word' id='word_1_326' title='bbox 490 3536 596 3590; x_wconf 79' lang='lat' dir='ltr'><strong>del.</strong></span> <span class='ocrx_word' id='word_1_327' title='bbox 627 3536 775 3590; x_wconf 88' lang='lat' dir='ltr'><strong>Erm.</strong></span> <span class='ocrx_word' id='word_1_328' title='bbox 921 3540 988 3587; x_wconf 92' lang='grc'><strong><em>22</em></strong></span> <span class='ocrx_word' id='word_1_329' title='bbox 1028 3534 1139 3606; x_wconf 83' lang='grc' dir='ltr'><strong><em>ἔχει</em></strong></span> <span class='ocrx_word' id='word_1_330' title='bbox 1165 3534 1216 3587; x_wconf 90' lang='lat' dir='ltr'>V</span> 
     </span>
    </p>
   </div>
  </div>
 </body>
</html>
