2588 3876
908 151 1082 201 ΠΕΡΙ
1115 148 1370 201 Anum
1407 153 1473 202 27
1641 181 1648 188 -
1811 145 1818 152 ·
2114 148 2195 213 87

202 304 402 391 μηδὲν
445 300 514 395 ᾗ,
569 304 727 373 αὐτὸ
775 309 848 374 δὲ
891 310 965 374 τὸ
1011 308 1200 388 ἕλκος
1242 309 1690 396 ἠρεθισμένον
1735 310 2115 398 εὑρίσκηται
2159 310 2201 394 ἢ

203 412 305 478 ἐπὶ
355 417 524 479 πολὺ
579 414 979 502 ἀκάθαρτον,
1034 416 1144 481 καὶ
1188 427 1324 481 τῶν
1369 413 1491 501 μὲν
1545 419 1837 503 σαρκίων
1882 415 2202 501 ἐκπυησο-

200 518 434 604 μένων,
497 531 633 586 τῶν
695 519 769 588 δὲ
826 523 1088 609 νεύρων
1149 522 1853 610 προσεκπεσουμένων,
1924 525 2205 603 τούτους

201 622 391 691 οὐδὲν
445 628 549 693 δεῖ
602 628 967 713 ἀναψύχειν
1024 629 1445 695 παντάπασιν
1503 629 1668 696 οὐδέ
1720 653 1786 695 τι
1841 633 2204 715 φοβεῖσθαι

201 732 306 808 τὰς
364 731 721 819 ἐκπυήσιας
781 736 1053 819 ταύτας,
1118 733 1262 801 ἀλλ’
1325 737 1655 822 ἰητρεύειν
1715 738 1796 802 τὰ
1853 733 1974 820 μὲν
2038 738 2205 802 ἄλλα
2258 762 2283 802 5

201 843 648 932 παραπλήσιον
692 843 962 927 τρόπον,
1010 842 1227 929 ὥσπερ
1273 839 1386 906 καὶ
1434 833 1612 907 οἷσιν
1658 840 1723 920 ἐξ
1769 842 1973 929 ἀρχῆς
2017 842 2206 921 ἕλκος

199 942 460 1026 ἐγένετο.
551 957 726 1012 τοῖσι
773 944 848 1013 δὲ
892 948 1272 1014 ὀθονίοισιν
1319 949 1643 1034 ἄρχεσθαι
1691 950 1813 1035 χρὴ
1860 949 2206 1016 έπιδέοντα

198 1049 315 1115 ἀπὸ
356 1062 477 1118 τοῦ
525 1054 880 1139 οἰδήματος
923 1063 1044 1120 τοῦ
1092 1054 1167 1120 ἐν
1209 1065 1351 1132 τοῖς
1394 1053 1688 1141 ἀκρέοισι
1734 1056 1911 1121 πάνυ
1956 1061 2152 1140 χαλα-
2192 1054 2201 1144 Ι

196 1168 423 1242 ροῖσιν,
467 1159 578 1224 καὶ
624 1162 844 1225 ἔπειτα
889 1159 1317 1246 ἐπινέμεσθαι
1361 1170 1440 1247 τῇ
1492 1159 1780 1227 ἐπιδέσει
1825 1161 1955 1226 αἰεὶ
2001 1161 2069 1239 ἐς
2111 1162 2186 1226 τὸ
2206 1177 2310 1227 510

198 1262 343 1328 ἅνω·
367 1266 478 1330 καὶ
522 1265 875 1351 πεπιέχθαι
921 1264 1042 1351 μὲν
1086 1268 1372 1353 μηδαμῇ,
1417 1268 1758 1353 ἡρμάσθαι
1803 1264 1877 1332 δὲ
1921 1268 2205 1352 μάλιστα
2233 1296 2286 1335 10
2373 1259 2378 1264 ⁴

199 1372 347 1435 κατὰ
390 1373 464 1436 τὸ
513 1371 732 1456 ἕλκος,
785 1373 865 1437 τὰ
911 1368 986 1437 δὲ
1030 1373 1197 1437 ἄλλα
1241 1371 1348 1437 ἐπὶ
1400 1367 1627 1456 ἧσσον.
1717 1374 1797 1438 τὰ
1844 1370 1918 1438 δὲ
1964 1373 2208 1439 ὀθόνια

197 1476 270 1539 τὰ
309 1488 565 1564 πρῶτα,
619 1487 826 1543 ταῦτα
869 1474 992 1562 μὲν
1036 1479 1304 1563 καθαρὰ
1350 1480 1514 1542 έστω
1561 1479 1671 1543 καὶ
1715 1480 1804 1563 μὴ
1852 1481 2076 1545 στενά·
2130 1481 2205 1545 τὸ

200 1577 266 1646 δὲ
305 1588 566 1668 πλῆθος
618 1594 754 1650 τῶν
798 1584 1096 1650 ὀθονίων
1150 1587 1314 1649 ἔστω
1370 1583 1533 1648 ὅσον
1574 1605 1698 1670 περ
1753 1586 1862 1650 καὶ
1909 1585 1984 1651 έν
2032 1597 2207 1652 τοῖσι

195 1688 513 1773 νάρθηξιν
558 1693 618 1756 εἰ
675 1689 999 1757 ἐπιδέοιτο
1044 1689 1086 1774 ἢ
1132 1691 1334 1777 ὀλίγῳ
1380 1692 1681 1754 ἔλασσον.
1772 1690 1877 1755 ἐπὶ
1924 1687 2000 1756 δὲ
2045 1690 2205 1756 αὐτὸ

196 1794 263 1857 Ἴτὸ
304 1794 490 1873 ἕλκος
539 1798 772 1862 ἰκανὸν
818 1798 1144 1880 σπληνίον
1186 1805 1264 1881 τῇ
1312 1785 1513 1881 λευκῇ
1558 1805 1819 1881 κηρωτῇ
1868 1797 2206 1882 κεχρισμέ-
2234 1822 2284 1864 16

199 1922 333 1966 νον·
385 1906 473 1988 ἤν
517 1926 591 1969 τε
635 1904 761 1991 γὰρ
810 1901 971 1991 σὰρξ
1016 1905 1103 1988 ἥν
1146 1926 1218 1968 τε
1261 1910 1510 1989 νεῦρον
1554 1906 1886 1990 μελανθῇ,
1931 1920 2207 1990 προσεκ-

199 2021 500 2076 πεσεῖται·
555 2012 637 2075 τὰ
681 2011 807 2096 γὰρ
861 2019 1136 2076 τοιαῦτα
1183 2009 1266 2075 οὐ
1319 2011 1443 2096 χρὴ
1495 2009 1801 2096 δριμέσιν
1857 2011 2207 2095 ἰητρεύειν,

199 2111 351 2180 ἀλλὰ
411 2122 818 2199 μαλθακοῑσι
888 2117 1106 2202 ὥσπερ
1169 2117 1250 2180 τὰ
1312 2119 1745 2202 πυρίκαυστα.
1834 2116 2208 2201 μετεπιδεῖν

199 2219 267 2285 δὲ
308 2223 417 2288 διὰ
460 2228 706 2310 τρίτης,
751 2223 1095 2309 νάρθηκας
1141 2218 1216 2287 δὲ
1250 2223 1339 2307 μὴ
1376 2222 1837 2307 προστιθέναι·
1901 2222 2207 2310 ἀτρεμεῖν

198 2322 266 2390 δὲ
309 2327 410 2394 ἐπὶ
457 2333 714 2414 μᾶλλον
759 2327 799 2411 ἢ
845 2331 1146 2415 πρόσθεν
1190 2329 1299 2393 καὶ
1345 2328 1764 2411 ὀλιγοσιτεῖν.
1838 2329 2086 2395 εἰδέναι
2134 2326 2208 2395 δὲ
2233 2356 2289 2396 20

198 2435 308 2517 χρὴ
354 2442 484 2500 εἴτε
533 2433 693 2521 σὰρξ
740 2441 871 2499 εἴτε
916 2443 1162 2521 νεῦρον
1205 2436 1280 2499 τὸ
1328 2433 1810 2518 έκπεσούμενόν
1858 2434 2059 2518 ἐστιν,
2106 2435 2207 2500 ὅτι

199 2537 359 2605 οὕτω
405 2545 634 2629 πολλῷ
679 2537 803 2625 μὲν
846 2535 1056 2624 ἧσσον
1101 2539 1364 2624 νέμεται
1411 2539 1514 2604 ἐπὶ
1559 2545 1813 2623 πλεῖον,
1862 2546 2086 2628 πολλῷ
2134 2537 2208 2606 δὲ

198 2649 449 2713 θᾶσσον
494 2647 882 2731 ἐκπεσεῖται,
927 2651 1150 2736 πολλῷ
1196 2632 1293 2711 δὲΔ
1320 2648 1666 2732 ἰσχνότερα
1704 2647 1783 2711 τὰ
1819 2645 2209 2732 περιέχοντα

199 2745 398 2837 ἔσται,
457 2753 499 2836 ἢ
535 2759 627 2849 ,εἴ
674 2777 773 2830 τις
833 2753 1172 2829 ἀπολύσας
1224 2754 1307 2817 τὰ
1360 2753 1605 2817 ὀθόνια
1659 2751 1919 2836 ἐπιθείη
1966 2776 2028 2817 τι
2073 2764 2208 2819 τῶν

198 2863 612 2946 καθαρτικῶν
670 2859 1038 2944 φαρμάκων
1097 2858 1201 2923 ἐπὶ
1259 2859 1334 2923 τὸ
1387 2856 1593 2935 ἕλκος.
1683 2861 1897 2924 καίτοι
1956 2859 2066 2923 καὶ
2124 2859 2208 2944 ἢν
2235 2885 2286 2926 25

333 3090 379 3139 1.
402 3091 433 3139 2
482 3087 594 3154 εὑρ.
634 3084 803 3155 μέλαν
842 3085 934 3140 ἐπὶ
968 3085 1148 3140 πουλὺ
1184 3081 1220 3153 ἢ
1259 3086 1349 3139 ἀκ.
1388 3083 1509 3139 MV
1652 3090 1683 3138 2
1729 3094 1946 3153 σαρκῶν
1982 3086 2104 3142 MV

202 3157 232 3204 3
264 3155 518 3221 τουτέους
553 3157 729 3222 codd„
766 3157 997 3219 τούτους
1031 3156 1177 3209 Erm.
1311 3161 1340 3208 7
1380 3153 1659 3210 ὀθονίοισι
1697 3155 1756 3208 Μ
1883 3162 1915 3210 8
1953 3155 2210 3225 ἀκραίοις

202 3222 380 3292 BMV‚
424 3226 672 3296 ἀκρέοισι
707 3228 871 3295 Bosq.
963 3229 1252 3300 χαλαροῖσι
1290 3227 1350 3279 Μ
1494 3231 1525 3280 9
1565 3225 1779 3282 ἐπιδέσι
1814 3227 1860 3279 Β
2007 3234 2073 3281 10
2109 3228 2209 3296 ἡρ-

204 3292 403 3361 μόσθαι
429 3298 634 3352 B⁸MV
742 3303 809 3352 18
846 3300 1220 3368 μαλθακοῖσιν
1249 3297 1370 3350 MV
1439 3294 1758 3365 πυρίκαυτα
1787 3297 1847 3350 Μ
1956 3304 2020 3352 19
2050 3299 2209 3365 ἀτρε-

205 3364 346 3431 μέειν
383 3370 540 3423 codd.
686 3374 754 3422 20
801 3371 933 3422 ansse
977 3367 1230 3437 πρόσθεν
1269 3368 1399 3422 add.
1446 3367 1509 3422 τὸ
1545 3368 1750 3421 B’MV
1858 3366 2209 3437 ὀλιγοσιτέειν

207 3438 355 3490 codd.
499 3445 563 3493 21
607 3441 735 3492 ante
771 3439 927 3508 prius
965 3439 1072 3508 εἴτε
1110 3438 1239 3493 add.
1279 3457 1364 3492 οτι
1400 3438 1446 3490 Β
1557 3437 1669 3492 ἐστι
1707 3438 1757 3491 V
1902 3443 1970 3490 24
2015 3457 2066 3490 τι
2107 3452 2208 3504 pro

206 3524 282 3569 τις
314 3507 364 3561 V
475 3510 713 3564 ἐπιθειει
749 3511 794 3563 Β
