<?xml version="1.0" encoding="UTF-8"?>
<!DOCTYPE html PUBLIC "-//W3C//DTD XHTML 1.0 Transitional//EN"
    "http://www.w3.org/TR/xhtml1/DTD/xhtml1-transitional.dtd">
<html xmlns="http://www.w3.org/1999/xhtml" xml:lang="en" lang="en">
 <head>
  <title>
</title>
<meta http-equiv="Content-Type" content="text/html;charset=utf-8" />
  <meta name='ocr-system' content='tesseract 3.04.00' />
  <meta name='ocr-capabilities' content='ocr_page ocr_carea ocr_par ocr_line ocrx_word'/>
</head>
<body>
  <div class='ocr_page' id='page_1' title='image "./operaqvaefervnt00ilbegoog_0025.png"; bbox 0 0 2588 3876; ppageno 0'>
   <div class='ocr_carea' id='block_1_1' title="bbox 548 139 2285 202">
    <p class='ocr_par' dir='ltr' id='par_1_1' title="bbox 548 139 2285 202">
     <span class='ocr_line' id='line_1_1' title="bbox 548 139 2285 202; baseline 0 -12"><span class='ocrx_word' id='word_1_1' title='bbox 548 141 721 190; x_wconf 83' lang='grc' dir='ltr'><strong>ΠΕΡΙ</strong></span> <span class='ocrx_word' id='word_1_2' title='bbox 755 139 903 191; x_wconf 76' lang='grc' dir='ltr'><strong><em>ΤΩΝ</em></strong></span> <span class='ocrx_word' id='word_1_3' title='bbox 938 141 1036 191; x_wconf 75' lang='lat' dir='ltr'><strong><em>EN</em></strong></span> <span class='ocrx_word' id='word_1_4' title='bbox 1071 141 1407 191; x_wconf 78' lang='grc' dir='ltr'><strong>ΚΕΦΑΑΗΙ</strong></span> <span class='ocrx_word' id='word_1_5' title='bbox 1442 139 1832 191; x_wconf 75' lang='grc' dir='ltr'><strong>ΤΡΩΜΑΤΩΝ</strong></span> <span class='ocrx_word' id='word_1_6' title='bbox 1879 143 1926 192; x_wconf 87' lang='grc'><strong><em>2.</em></strong></span> <span class='ocrx_word' id='word_1_7' title='bbox 1967 142 1998 190; x_wconf 81' lang='lat'><strong>3</strong></span> <span class='ocrx_word' id='word_1_8' title='bbox 2242 139 2285 202; x_wconf 81' lang='grc'>5</span> 
     </span>
    </p>
   </div>
   <div class='ocr_carea' id='block_1_2' title="bbox 250 298 2402 2621">
    <p class='ocr_par' dir='ltr' id='par_1_2' title="bbox 265 298 2294 493">
     <span class='ocr_line' id='line_1_2' title="bbox 265 298 2293 384; baseline 0 -19"><span class='ocrx_word' id='word_1_9' title='bbox 265 324 337 365; x_wconf 87' lang='grc' dir='ltr'><strong><em>τε</em></strong></span> <span class='ocrx_word' id='word_1_10' title='bbox 381 301 490 366; x_wconf 74' lang='grc' dir='ltr'><strong><em>καὶ</em></strong></span> <span class='ocrx_word' id='word_1_11' title='bbox 535 301 999 367; x_wconf 75' lang='grc' dir='ltr'><strong><em>ὃιαπυίσκεται</em></strong></span> <span class='ocrx_word' id='word_1_12' title='bbox 1042 301 1217 365; x_wconf 80' lang='grc' dir='ltr'><strong><em>κάτω</em></strong></span> <span class='ocrx_word' id='word_1_13' title='bbox 1263 298 1373 365; x_wconf 80' lang='grc' dir='ltr'><strong><em>ἐπὶ</em></strong></span> <span class='ocrx_word' id='word_1_14' title='bbox 1419 303 1538 367; x_wconf 87' lang='grc' dir='ltr'><strong><em>τὸν</em></strong></span> <span class='ocrx_word' id='word_1_15' title='bbox 1582 299 1954 384; x_wconf 78' lang='grc' dir='ltr'><strong><em>ἐγκέφαλον</em></strong></span> <span class='ocrx_word' id='word_1_16' title='bbox 2010 300 2123 365; x_wconf 76' lang='grc' dir='ltr'><strong><em>διὰ</em></strong></span> <span class='ocrx_word' id='word_1_17' title='bbox 2167 301 2293 384; x_wconf 81' lang='grc' dir='ltr'><strong><em>τὴν</em></strong></span> 
     </span>
     <span class='ocr_line' id='line_1_3' title="bbox 266 405 2294 493; baseline 0 -21"><span class='ocrx_word' id='word_1_18' title='bbox 266 407 605 492; x_wconf 75' lang='grc' dir='ltr'><strong><em>παχύτητα</em></strong></span> <span class='ocrx_word' id='word_1_19' title='bbox 647 415 770 472; x_wconf 87' lang='grc' dir='ltr'><strong><em>τοῦ</em></strong></span> <span class='ocrx_word' id='word_1_20' title='bbox 789 488 797 493; x_wconf 31' lang='grc'>,</span> <span class='ocrx_word' id='word_1_21' title='bbox 818 406 1077 491; x_wconf 74' lang='grc' dir='ltr'><strong><em>ὀστέου,</em></strong></span> <span class='ocrx_word' id='word_1_22' title='bbox 1117 405 1229 473; x_wconf 75' lang='grc' dir='ltr'><strong><em>καὶ</em></strong></span> <span class='ocrx_word' id='word_1_23' title='bbox 1276 405 1576 473; x_wconf 72' lang='grc' dir='ltr'><strong><em>ἐλάσσων</em></strong></span> <span class='ocrx_word' id='word_1_24' title='bbox 1611 408 1815 493; x_wconf 81' lang='grc' dir='ltr'><strong><em>ταύτῃ</em></strong></span> <span class='ocrx_word' id='word_1_25' title='bbox 1853 416 1968 490; x_wconf 86' lang='grc' dir='ltr'><strong><em>τῆς</em></strong></span> <span class='ocrx_word' id='word_1_26' title='bbox 2001 412 2294 490; x_wconf 82' lang='grc' dir='ltr'><strong><em>κεφαλῆς</em></strong></span> 
     </span>
    </p>

    <p class='ocr_par' dir='ltr' id='par_1_3' title="bbox 265 512 2372 1132">
     <span class='ocr_line' id='line_1_4' title="bbox 269 512 2294 598; baseline 0.001 -20"><span class='ocrx_word' id='word_1_27' title='bbox 269 513 306 578; x_wconf 83' lang='grc' dir='ltr'>ὁ</span> <span class='ocrx_word' id='word_1_28' title='bbox 350 512 718 598; x_wconf 78' lang='grc' dir='ltr'><strong><em>ἐγκέφαλος</em></strong></span> <span class='ocrx_word' id='word_1_29' title='bbox 762 513 1027 597; x_wconf 76' lang='grc' dir='ltr'><strong><em>ὕπεστι,</em></strong></span> <span class='ocrx_word' id='word_1_30' title='bbox 1086 512 1199 579; x_wconf 77' lang='grc' dir='ltr'><strong><em>καὶ</em></strong></span> <span class='ocrx_word' id='word_1_31' title='bbox 1245 512 1519 590; x_wconf 83' lang='grc' dir='ltr'><strong><em>πλέονες</em></strong></span> <span class='ocrx_word' id='word_1_32' title='bbox 1577 513 2119 598; x_wconf 72' lang='grc' dir='ltr'><strong><em>ἐκφυγγᾶνουσιν</em></strong></span> <span class='ocrx_word' id='word_1_33' title='bbox 2174 513 2294 580; x_wconf 84' lang='grc' dir='ltr'><strong><em>τὸν</em></strong></span> 
     </span>
     <span class='ocr_line' id='line_1_5' title="bbox 268 619 2294 706; baseline -0.001 -20"><span class='ocrx_word' id='word_1_34' title='bbox 268 620 572 687; x_wconf 72' lang='grc' dir='ltr'><strong><em>θάνατον</em></strong></span> <span class='ocrx_word' id='word_1_35' title='bbox 615 631 750 685; x_wconf 78' lang='grc' dir='ltr'><strong><em>τῶν</em></strong></span> <span class='ocrx_word' id='word_1_36' title='bbox 795 622 1079 685; x_wconf 78' lang='grc' dir='ltr'><strong><em>ὄπισθεν</em></strong></span> <span class='ocrx_word' id='word_1_37' title='bbox 1121 619 1669 706; x_wconf 68' lang='grc' dir='ltr'><strong><em>τιτρωσκομένων</em></strong></span> <span class='ocrx_word' id='word_1_38' title='bbox 1711 629 1828 703; x_wconf 87' lang='grc' dir='ltr'><strong><em>τῆς</em></strong></span> <span class='ocrx_word' id='word_1_39' title='bbox 1871 626 2160 703; x_wconf 80' lang='grc' dir='ltr'><strong><em>κεφαλῆς</em></strong></span> <span class='ocrx_word' id='word_1_40' title='bbox 2205 619 2294 697; x_wconf 80' lang='grc' dir='ltr'><strong><em>ὡς</em></strong></span> 
     </span>
     <span class='ocr_line' id='line_1_6' title="bbox 268 724 2372 812; baseline -0.001 -20"><span class='ocrx_word' id='word_1_41' title='bbox 268 725 377 792; x_wconf 76' lang='grc' dir='ltr'><strong><em>ἐπὶ</em></strong></span> <span class='ocrx_word' id='word_1_42' title='bbox 418 727 498 793; x_wconf 84' lang='grc' dir='ltr'><strong><em>τὸ</em></strong></span> <span class='ocrx_word' id='word_1_43' title='bbox 543 728 718 793; x_wconf 79' lang='grc' dir='ltr'><strong><em>πολὺ</em></strong></span> <span class='ocrx_word' id='word_1_44' title='bbox 762 726 804 810; x_wconf 78' lang='grc' dir='ltr'>ἢ</span> <span class='ocrx_word' id='word_1_45' title='bbox 851 738 986 792; x_wconf 75' lang='grc' dir='ltr'><strong><em>τῶν</em></strong></span> <span class='ocrx_word' id='word_1_46' title='bbox 1031 729 1433 812; x_wconf 80' lang='grc' dir='ltr'><strong><em>ἔμπροσθεν.</em></strong></span> <span class='ocrx_word' id='word_1_47' title='bbox 1521 724 1631 791; x_wconf 83' lang='grc' dir='ltr'><strong><em>καὶ</em></strong></span> <span class='ocrx_word' id='word_1_48' title='bbox 1678 725 1752 792; x_wconf 82' lang='grc' dir='ltr'><strong><em>έν</em></strong></span> <span class='ocrx_word' id='word_1_49' title='bbox 1797 737 2068 811; x_wconf 80' lang='grc' dir='ltr'><strong><em>χειμῶνι</em></strong></span> <span class='ocrx_word' id='word_1_50' title='bbox 2113 728 2292 791; x_wconf 85' lang='grc' dir='ltr'><strong><em>πλεί-</em></strong></span> <span class='ocrx_word' id='word_1_51' title='bbox 2348 749 2372 789; x_wconf 83' lang='lat'><strong>5</strong></span> 
     </span>
     <span class='ocr_line' id='line_1_7' title="bbox 266 831 2294 920; baseline -0 -21"><span class='ocrx_word' id='word_1_52' title='bbox 266 857 392 899; x_wconf 86' lang='grc' dir='ltr'><strong><em>ονα</em></strong></span> <span class='ocrx_word' id='word_1_53' title='bbox 436 835 686 920; x_wconf 79' lang='grc' dir='ltr'><strong><em>χρόνον</em></strong></span> <span class='ocrx_word' id='word_1_54' title='bbox 744 837 815 918; x_wconf 77' lang='grc' dir='ltr'><strong><em>ζῇ</em></strong></span> <span class='ocrx_word' id='word_1_55' title='bbox 860 834 1236 918; x_wconf 76' lang='grc' dir='ltr'><strong><em>ὥνθρωπος</em></strong></span> <span class='ocrx_word' id='word_1_56' title='bbox 1291 832 1333 916; x_wconf 78' lang='grc' dir='ltr'><strong><em>’ἢ</em></strong></span> <span class='ocrx_word' id='word_1_57' title='bbox 1392 832 1466 899; x_wconf 84' lang='grc' dir='ltr'><strong><em>ἐν</em></strong></span> <span class='ocrx_word' id='word_1_58' title='bbox 1518 833 1736 917; x_wconf 77' lang='grc' dir='ltr'><strong><em>θέρει,</em></strong></span> <span class='ocrx_word' id='word_1_59' title='bbox 1803 833 1982 909; x_wconf 84' lang='grc' dir='ltr'><strong><em>ὅστις</em></strong></span> <span class='ocrx_word' id='word_1_60' title='bbox 2042 831 2126 898; x_wconf 75' lang='grc' dir='ltr'><strong><em>ἂν</em></strong></span> <span class='ocrx_word' id='word_1_61' title='bbox 2182 831 2294 899; x_wconf 78' lang='grc' dir='ltr'><strong><em>καὶ</em></strong></span> 
     </span>
     <span class='ocr_line' id='line_1_8' title="bbox 266 938 2296 1025; baseline -0 -20"><span class='ocrx_word' id='word_1_62' title='bbox 266 941 482 1016; x_wconf 71' lang='grc' dir='ltr'><strong><em>ἄλλως</em></strong></span> <span class='ocrx_word' id='word_1_63' title='bbox 527 940 731 1025; x_wconf 80' lang='grc' dir='ltr'><strong><em>μέλλῃ</em></strong></span> <span class='ocrx_word' id='word_1_64' title='bbox 774 939 1274 1009; x_wconf 76' lang='grc' dir='ltr'><strong><em>ἀποθανεῖσθαι</em></strong></span> <span class='ocrx_word' id='word_1_65' title='bbox 1320 939 1395 1005; x_wconf 76' lang='grc' dir='ltr'><strong><em>ἐκ</em></strong></span> <span class='ocrx_word' id='word_1_66' title='bbox 1440 948 1559 1004; x_wconf 86' lang='grc' dir='ltr'><strong><em>τοῦ</em></strong></span> <span class='ocrx_word' id='word_1_67' title='bbox 1605 940 1963 1024; x_wconf 78' lang='grc' dir='ltr'><strong><em>τρώματος,</em></strong></span> <span class='ocrx_word' id='word_1_68' title='bbox 2010 939 2172 1005; x_wconf 79' lang='grc' dir='ltr'><strong><em>ὅκου</em></strong></span> <span class='ocrx_word' id='word_1_69' title='bbox 2210 938 2296 1004; x_wconf 78' lang='grc' dir='ltr'><strong><em>ἄν</em></strong></span> 
     </span>
     <span class='ocr_line' id='line_1_9' title="bbox 265 1043 1285 1132; baseline -0.001 -20"><span class='ocrx_word' id='word_1_70' title='bbox 265 1056 382 1130; x_wconf 80' lang='grc' dir='ltr'><strong><em>τῆς</em></strong></span> <span class='ocrx_word' id='word_1_71' title='bbox 424 1051 718 1130; x_wconf 76' lang='grc' dir='ltr'><strong><em>κεφαλῆς</em></strong></span> <span class='ocrx_word' id='word_1_72' title='bbox 761 1043 877 1132; x_wconf 79' lang='grc' dir='ltr'><strong><em>ἔχῃ</em></strong></span> <span class='ocrx_word' id='word_1_73' title='bbox 920 1047 997 1111; x_wconf 88' lang='grc' dir='ltr'><strong><em>τὸ</em></strong></span> <span class='ocrx_word' id='word_1_74' title='bbox 1043 1057 1285 1132; x_wconf 73' lang='grc' dir='ltr'><strong><em>τρῶμα.</em></strong></span> 
     </span>
    </p>

    <p class='ocr_par' dir='ltr' id='par_1_4' title="bbox 250 1150 2402 2621">
     <span class='ocr_line' id='line_1_10' title="bbox 400 1150 2294 1238; baseline 0 -22"><span class='ocrx_word' id='word_1_75' title='bbox 400 1152 462 1217; x_wconf 82' lang='lat'><strong><em>3.</em></strong></span> <span class='ocrx_word' id='word_1_76' title='bbox 527 1153 618 1217; x_wconf 79' lang='grc' dir='ltr'><strong><em>Αἰ</em></strong></span> <span class='ocrx_word' id='word_1_77' title='bbox 674 1152 750 1218; x_wconf 73' lang='grc' dir='ltr'><strong><em>δὲ</em></strong></span> <span class='ocrx_word' id='word_1_78' title='bbox 805 1152 994 1238; x_wconf 80' lang='grc' dir='ltr'><strong><em>ἕδραι</em></strong></span> <span class='ocrx_word' id='word_1_79' title='bbox 1038 1164 1173 1218; x_wconf 80' lang='grc' dir='ltr'><strong><em>τῶν</em></strong></span> <span class='ocrx_word' id='word_1_80' title='bbox 1216 1152 1466 1235; x_wconf 80' lang='grc' dir='ltr'><strong><em>βελέων</em></strong></span> <span class='ocrx_word' id='word_1_81' title='bbox 1520 1163 1655 1218; x_wconf 79' lang='grc' dir='ltr'><strong><em>τῶν</em></strong></span> <span class='ocrx_word' id='word_1_82' title='bbox 1709 1150 1912 1229; x_wconf 81' lang='grc' dir='ltr'><strong><em>ὀξέων</em></strong></span> <span class='ocrx_word' id='word_1_83' title='bbox 1968 1153 2078 1217; x_wconf 74' lang='grc' dir='ltr'><strong><em>καὶ</em></strong></span> <span class='ocrx_word' id='word_1_84' title='bbox 2135 1175 2294 1219; x_wconf 78' lang='grc' dir='ltr'><strong><em>κου-</em></strong></span> 
     </span>
     <span class='ocr_line' id='line_1_11' title="bbox 270 1256 2402 1346; baseline 0 -23"><span class='ocrx_word' id='word_1_85' title='bbox 270 1257 601 1344; x_wconf 77' lang='grc' dir='ltr'><strong><em>φοτέρων,</em></strong></span> <span class='ocrx_word' id='word_1_86' title='bbox 656 1256 865 1346; x_wconf 77' lang='grc' dir='ltr'><strong><em>αὐΙταὶ</em></strong></span> <span class='ocrx_word' id='word_1_87' title='bbox 922 1257 1030 1324; x_wconf 81' lang='grc' dir='ltr'><strong><em>ἐπὶ</em></strong></span> <span class='ocrx_word' id='word_1_88' title='bbox 1084 1257 1313 1343; x_wconf 87' lang='grc' dir='ltr'><strong><em>σφέων</em></strong></span> <span class='ocrx_word' id='word_1_89' title='bbox 1366 1257 1623 1324; x_wconf 80' lang='grc' dir='ltr'><strong><em>αὐτέων</em></strong></span> <span class='ocrx_word' id='word_1_90' title='bbox 1665 1262 2013 1343; x_wconf 80' lang='grc' dir='ltr'><strong><em>γινόμεναι</em></strong></span> <span class='ocrx_word' id='word_1_91' title='bbox 2059 1257 2133 1322; x_wconf 79' lang='grc' dir='ltr'><strong><em>ἐν</em></strong></span> <span class='ocrx_word' id='word_1_92' title='bbox 2176 1265 2266 1345; x_wconf 78' lang='grc' dir='ltr'><strong><em>τῷ</em></strong></span> <span class='ocrx_word' id='word_1_93' title='bbox 2300 1276 2402 1324; x_wconf 82' lang='grc'><strong><em>194</em></strong></span> 
     </span>
     <span class='ocr_line' id='line_1_12' title="bbox 268 1363 2374 1453; baseline -0.001 -23"><span class='ocrx_word' id='word_1_94' title='bbox 268 1363 479 1453; x_wconf 67' lang='grc' dir='ltr'><strong><em>ὀστέῳ</em></strong></span> <span class='ocrx_word' id='word_1_95' title='bbox 527 1366 688 1430; x_wconf 86' lang='grc' dir='ltr'><strong><em>ανευ</em></strong></span> <span class='ocrx_word' id='word_1_96' title='bbox 736 1365 1000 1451; x_wconf 73' lang='grc' dir='ltr'><strong><em>ρωγμῆς</em></strong></span> <span class='ocrx_word' id='word_1_97' title='bbox 1043 1389 1115 1431; x_wconf 90' lang='grc' dir='ltr'><strong><em>τε</em></strong></span> <span class='ocrx_word' id='word_1_98' title='bbox 1158 1364 1269 1431; x_wconf 80' lang='grc' dir='ltr'><strong><em>καὶ</em></strong></span> <span class='ocrx_word' id='word_1_99' title='bbox 1309 1366 1591 1449; x_wconf 85' lang='grc' dir='ltr'><strong><em>φλασιος</em></strong></span> <span class='ocrx_word' id='word_1_100' title='bbox 1623 1364 1736 1431; x_wconf 84' lang='grc' dir='ltr'><strong><em>καὶ</em></strong></span> <span class='ocrx_word' id='word_1_101' title='bbox 1774 1368 1902 1431; x_wconf 82' lang='grc' dir='ltr'><strong><em>ἔσω</em></strong></span> <span class='ocrx_word' id='word_1_102' title='bbox 1940 1364 2295 1449; x_wconf 80' lang='grc' dir='ltr'><strong><em>ἐσφλᾶσιος</em></strong></span> <span class='ocrx_word' id='word_1_103' title='bbox 2325 1390 2374 1429; x_wconf 89' lang='lat'><strong><em>11</em></strong></span> 
     </span>
     <span class='ocr_line' id='line_1_13' title="bbox 266 1465 2296 1560; baseline -0 -24"><span class='ocrx_word' id='word_1_104' title='bbox 266 1509 356 1519; x_wconf 89' lang='lat'><em>-</em></span> <span class='ocrx_word' id='word_1_105' title='bbox 393 1465 588 1536; x_wconf 84' lang='grc' dir='ltr'><strong><em>αὗται</em></strong></span> <span class='ocrx_word' id='word_1_106' title='bbox 632 1472 710 1537; x_wconf 74' lang='grc' dir='ltr'><strong><em>δὲ</em></strong></span> <span class='ocrx_word' id='word_1_107' title='bbox 755 1474 1058 1555; x_wconf 74' lang='grc' dir='ltr'><strong><em>γίνονται</em></strong></span> <span class='ocrx_word' id='word_1_108' title='bbox 1106 1472 1349 1557; x_wconf 85' lang='grc' dir='ltr'><strong><em>ὁμοίως</em></strong></span> <span class='ocrx_word' id='word_1_109' title='bbox 1393 1469 1470 1537; x_wconf 79' lang='grc' dir='ltr'><strong><em>ἔν</em></strong></span> <span class='ocrx_word' id='word_1_110' title='bbox 1512 1496 1582 1537; x_wconf 90' lang='grc' dir='ltr'><strong><em>τε</em></strong></span> <span class='ocrx_word' id='word_1_111' title='bbox 1627 1479 1718 1560; x_wconf 77' lang='grc' dir='ltr'><strong><em>τῷ</em></strong></span> <span class='ocrx_word' id='word_1_112' title='bbox 1756 1469 2141 1557; x_wconf 78' lang='grc' dir='ltr'><strong><em>ἔμπροσθεν</em></strong></span> <span class='ocrx_word' id='word_1_113' title='bbox 2181 1481 2296 1555; x_wconf 88' lang='grc' dir='ltr'><strong><em>τῆς</em></strong></span> 
     </span>
     <span class='ocr_line' id='line_1_14' title="bbox 264 1576 2293 1666; baseline -0.001 -23"><span class='ocrx_word' id='word_1_114' title='bbox 264 1583 559 1662; x_wconf 77' lang='grc' dir='ltr'><strong><em>κεφαλῆς</em></strong></span> <span class='ocrx_word' id='word_1_115' title='bbox 603 1576 714 1643; x_wconf 82' lang='grc' dir='ltr'><strong><em>καὶ</em></strong></span> <span class='ocrx_word' id='word_1_116' title='bbox 761 1586 850 1666; x_wconf 78' lang='grc' dir='ltr'><strong><em>τῷ</em></strong></span> <span class='ocrx_word' id='word_1_117' title='bbox 891 1580 1176 1643; x_wconf 79' lang='grc' dir='ltr'><strong><em>ὄπισθεν</em></strong></span> <span class='ocrx_word' id='word_1_118' title='bbox 1222 1615 1329 1660; x_wconf 87' lang='lat'><strong><em>-—,</em></strong></span> <span class='ocrx_word' id='word_1_119' title='bbox 1376 1577 1448 1643; x_wconf 79' lang='grc' dir='ltr'><strong><em>ἐκ</em></strong></span> <span class='ocrx_word' id='word_1_120' title='bbox 1491 1578 1748 1645; x_wconf 87' lang='grc' dir='ltr'><strong><em>τούτων</em></strong></span> <span class='ocrx_word' id='word_1_121' title='bbox 1799 1579 1835 1643; x_wconf 88' lang='grc' dir='ltr'>ὁ</span> <span class='ocrx_word' id='word_1_122' title='bbox 1881 1578 2174 1653; x_wconf 77' lang='grc' dir='ltr'><strong><em>θάνατος</em></strong></span> <span class='ocrx_word' id='word_1_123' title='bbox 2212 1577 2293 1641; x_wconf 86' lang='grc' dir='ltr'><strong><em>οὐ</em></strong></span> 
     </span>
     <span class='ocr_line' id='line_1_15' title="bbox 250 1682 2295 1769; baseline -0.001 -19"><span class='ocrx_word' id='word_1_124' title='bbox 250 1684 524 1769; x_wconf 55' lang='grc' dir='ltr'><strong><em>4’γίνεται</em></strong></span> <span class='ocrx_word' id='word_1_125' title='bbox 569 1685 734 1750; x_wconf 77' lang='grc' dir='ltr'><strong><em>κατά</em></strong></span> <span class='ocrx_word' id='word_1_126' title='bbox 778 1708 854 1768; x_wconf 80' lang='grc' dir='ltr'><strong><em>γε</em></strong></span> <span class='ocrx_word' id='word_1_127' title='bbox 900 1685 1116 1768; x_wconf 75' lang='grc' dir='ltr'><strong><em>δίκην,</em></strong></span> <span class='ocrx_word' id='word_1_128' title='bbox 1160 1683 1310 1750; x_wconf 77' lang='grc' dir='ltr'><strong><em>,οὐδ’</em></strong></span> <span class='ocrx_word' id='word_1_129' title='bbox 1364 1683 1450 1768; x_wconf 76' lang='grc' dir='ltr'><strong><em>ἣν</em></strong></span> <span class='ocrx_word' id='word_1_130' title='bbox 1496 1684 1781 1768; x_wconf 81' lang='grc' dir='ltr'><strong><em>γένηται.</em></strong></span> <span class='ocrx_word' id='word_1_131' title='bbox 1873 1684 2053 1769; x_wconf 79' lang='grc' dir='ltr'><strong><em>ραφὴ</em></strong></span> <span class='ocrx_word' id='word_1_132' title='bbox 2100 1684 2175 1748; x_wconf 76' lang='grc' dir='ltr'><strong><em>δὲ</em></strong></span> <span class='ocrx_word' id='word_1_133' title='bbox 2220 1682 2295 1748; x_wconf 83' lang='grc' dir='ltr'><strong><em>ἐν</em></strong></span> 
     </span>
     <span class='ocr_line' id='line_1_16' title="bbox 267 1789 2374 1875; baseline -0.001 -19"><span class='ocrx_word' id='word_1_134' title='bbox 267 1789 446 1856; x_wconf 78' lang='grc' dir='ltr'><strong><em>ἕλκει</em></strong></span> <span class='ocrx_word' id='word_1_135' title='bbox 492 1801 777 1875; x_wconf 82' lang='grc' dir='ltr'><strong><em>φανεῖσα</em></strong></span> <span class='ocrx_word' id='word_1_136' title='bbox 828 1790 1062 1856; x_wconf 80' lang='grc' dir='ltr'><strong><em>ὀστέου</em></strong></span> <span class='ocrx_word' id='word_1_137' title='bbox 1117 1791 1563 1874; x_wconf 76' lang='grc' dir='ltr'><strong><em>ψιλωθέντος,</em></strong></span> <span class='ocrx_word' id='word_1_138' title='bbox 1624 1799 1960 1875; x_wconf 83' lang='grc' dir='ltr'><strong><em>πανταχοῦ</em></strong></span> <span class='ocrx_word' id='word_1_139' title='bbox 2020 1799 2134 1873; x_wconf 89' lang='grc' dir='ltr'><strong><em>τῆς</em></strong></span> <span class='ocrx_word' id='word_1_140' title='bbox 2191 1813 2295 1854; x_wconf 85' lang='grc' dir='ltr'><strong><em>κε-</em></strong></span> <span class='ocrx_word' id='word_1_141' title='bbox 2323 1814 2374 1854; x_wconf 84' lang='lat'><strong><em>15</em></strong></span> 
     </span>
     <span class='ocr_line' id='line_1_17' title="bbox 271 1896 2293 1983; baseline -0.001 -20"><span class='ocrx_word' id='word_1_142' title='bbox 271 1902 488 1983; x_wconf 88' lang='grc' dir='ltr'><strong><em>φαλῆς</em></strong></span> <span class='ocrx_word' id='word_1_143' title='bbox 531 1906 652 1963; x_wconf 86' lang='grc' dir='ltr'><strong><em>τοῦ</em></strong></span> <span class='ocrx_word' id='word_1_144' title='bbox 700 1896 922 1974; x_wconf 79' lang='grc' dir='ltr'><strong><em>ἕλκεος</em></strong></span> <span class='ocrx_word' id='word_1_145' title='bbox 967 1897 1356 1983; x_wconf 74' lang='grc' dir='ltr'><strong><em>γενομένου,</em></strong></span> <span class='ocrx_word' id='word_1_146' title='bbox 1403 1896 1893 1964; x_wconf 80' lang='grc' dir='ltr'><strong><em>ἀσθενέστατον</em></strong></span> <span class='ocrx_word' id='word_1_147' title='bbox 1927 1899 2180 1980; x_wconf 79' lang='grc' dir='ltr'><strong><em>γίνεται</em></strong></span> <span class='ocrx_word' id='word_1_148' title='bbox 2216 1904 2293 1981; x_wconf 81' lang='grc' dir='ltr'><strong><em>τῆ</em></strong></span> 
     </span>
     <span class='ocr_line' id='line_1_18' title="bbox 267 2001 2295 2093; baseline -0.001 -24"><span class='ocrx_word' id='word_1_149' title='bbox 267 2006 507 2089; x_wconf 80' lang='grc' dir='ltr'><strong><em>τρώσει</em></strong></span> <span class='ocrx_word' id='word_1_150' title='bbox 548 2003 663 2069; x_wconf 80' lang='grc' dir='ltr'><strong><em>καὶ</em></strong></span> <span class='ocrx_word' id='word_1_151' title='bbox 716 2013 808 2093; x_wconf 81' lang='grc' dir='ltr'><strong><em>τῷ</em></strong></span> <span class='ocrx_word' id='word_1_152' title='bbox 855 2004 1035 2087; x_wconf 81' lang='grc' dir='ltr'><strong><em>βέλει</em></strong></span> <span class='ocrx_word' id='word_1_153' title='bbox 1092 2004 1413 2090; x_wconf 78' lang='grc' dir='ltr'><strong><em>ἀντέχειν,</em></strong></span> <span class='ocrx_word' id='word_1_154' title='bbox 1477 2007 1536 2070; x_wconf 86' lang='grc' dir='ltr'><strong><em>εἰ</em></strong></span> <span class='ocrx_word' id='word_1_155' title='bbox 1594 2006 1784 2089; x_wconf 81' lang='grc' dir='ltr'><strong><em>τύχοι</em></strong></span> <span class='ocrx_word' id='word_1_156' title='bbox 1842 2004 1916 2069; x_wconf 85' lang='grc' dir='ltr'><strong><em>τὸ</em></strong></span> <span class='ocrx_word' id='word_1_157' title='bbox 1953 2003 2170 2088; x_wconf 77' lang='grc' dir='ltr'><strong><em>’,βέλος</em></strong></span> <span class='ocrx_word' id='word_1_158' title='bbox 2228 2001 2295 2078; x_wconf 81' lang='grc' dir='ltr'><strong><em>ές</em></strong></span> 
     </span>
     <span class='ocr_line' id='line_1_19' title="bbox 269 2108 2296 2197; baseline -0.002 -19"><span class='ocrx_word' id='word_1_159' title='bbox 269 2111 481 2195; x_wconf 75' lang='grc' dir='ltr'><strong><em>αὐτὴν</em></strong></span> <span class='ocrx_word' id='word_1_160' title='bbox 525 2112 651 2194; x_wconf 84' lang='grc' dir='ltr'><strong><em>τὴν</em></strong></span> <span class='ocrx_word' id='word_1_161' title='bbox 691 2111 914 2197; x_wconf 82' lang='grc' dir='ltr'><strong><em>ῥαφὴν</em></strong></span> <span class='ocrx_word' id='word_1_162' title='bbox 950 2110 1311 2197; x_wconf 79' lang='grc' dir='ltr'><strong><em>στηριχθέν</em></strong></span> <span class='ocrx_word' id='word_1_163' title='bbox 1339 2149 1423 2158; x_wconf 91' lang='grc'><strong><em>--</em></strong></span> <span class='ocrx_word' id='word_1_164' title='bbox 1453 2112 1719 2177; x_wconf 70' lang='grc' dir='ltr'><strong><em>πάντων</em></strong></span> <span class='ocrx_word' id='word_1_165' title='bbox 1757 2112 1832 2176; x_wconf 76' lang='grc' dir='ltr'><strong><em>δὲ</em></strong></span> <span class='ocrx_word' id='word_1_166' title='bbox 1863 2111 2165 2195; x_wconf 80' lang='grc' dir='ltr'><strong><em>μάλιστα,</em></strong></span> <span class='ocrx_word' id='word_1_167' title='bbox 2210 2108 2296 2192; x_wconf 70' lang='grc' dir='ltr'><strong><em>ἦν</em></strong></span> 
     </span>
     <span class='ocr_line' id='line_1_20' title="bbox 266 2214 2295 2305; baseline -0 -23"><span class='ocrx_word' id='word_1_168' title='bbox 266 2218 342 2283; x_wconf 85' lang='grc' dir='ltr'><strong><em>τὸ</em></strong></span> <span class='ocrx_word' id='word_1_169' title='bbox 388 2216 585 2299; x_wconf 83' lang='grc' dir='ltr'><strong><em>βέλος</em></strong></span> <span class='ocrx_word' id='word_1_170' title='bbox 629 2216 704 2283; x_wconf 80' lang='grc' dir='ltr'><strong><em>ἐν</em></strong></span> <span class='ocrx_word' id='word_1_171' title='bbox 748 2225 840 2305; x_wconf 77' lang='grc' dir='ltr'><strong><em>τῷ</em></strong></span> <span class='ocrx_word' id='word_1_172' title='bbox 876 2217 1198 2302; x_wconf 74' lang='grc' dir='ltr'><strong><em>βρέγματι</em></strong></span> <span class='ocrx_word' id='word_1_173' title='bbox 1248 2220 1617 2302; x_wconf 72' lang='grc' dir='ltr'><strong><em>γενόμενον</em></strong></span> <span class='ocrx_word' id='word_1_174' title='bbox 1668 2219 1832 2282; x_wconf 77' lang='grc' dir='ltr'><strong><em>κατὰ</em></strong></span> <span class='ocrx_word' id='word_1_175' title='bbox 1889 2219 1963 2283; x_wconf 90' lang='grc' dir='ltr'><strong><em>τὸ</em></strong></span> <span class='ocrx_word' id='word_1_176' title='bbox 2020 2214 2295 2282; x_wconf 71' lang='grc' dir='ltr'><strong><em>ἀσθενέ-</em></strong></span> 
     </span>
     <span class='ocr_line' id='line_1_21' title="bbox 270 2316 2373 2410; baseline -0 -22"><span class='ocrx_word' id='word_1_177' title='bbox 270 2341 512 2389; x_wconf 88' lang='grc' dir='ltr'><strong><em>στατον</em></strong></span> <span class='ocrx_word' id='word_1_178' title='bbox 558 2333 672 2406; x_wconf 88' lang='grc' dir='ltr'><strong><em>τῆς</em></strong></span> <span class='ocrx_word' id='word_1_179' title='bbox 716 2329 1004 2408; x_wconf 80' lang='grc' dir='ltr'><strong><em>κεφαλῆς</em></strong></span> <span class='ocrx_word' id='word_1_180' title='bbox 1049 2316 1176 2410; x_wconf 79' lang='grc' dir='ltr'><strong><em>(ἦ)</em></strong></span> <span class='ocrx_word' id='word_1_181' title='bbox 1221 2361 1329 2406; x_wconf 88' lang='lat'><strong><em>—-,</em></strong></span> <span class='ocrx_word' id='word_1_182' title='bbox 1378 2322 1488 2388; x_wconf 85' lang='grc' dir='ltr'><strong><em>καὶ</em></strong></span> <span class='ocrx_word' id='word_1_183' title='bbox 1535 2325 1602 2389; x_wconf 80' lang='grc' dir='ltr'><strong><em>αἱ</em></strong></span> <span class='ocrx_word' id='word_1_184' title='bbox 1649 2321 1857 2410; x_wconf 79' lang='grc' dir='ltr'><strong><em>ρ”αφαὶ</em></strong></span> <span class='ocrx_word' id='word_1_185' title='bbox 1912 2325 1972 2388; x_wconf 79' lang='grc' dir='ltr'><strong><em>εἰ</em></strong></span> <span class='ocrx_word' id='word_1_186' title='bbox 2025 2324 2291 2408; x_wconf 88' lang='grc' dir='ltr'><strong><em>τύχοιεν</em></strong></span> <span class='ocrx_word' id='word_1_187' title='bbox 2321 2349 2373 2387; x_wconf 85' lang='lat'><strong><em>20</em></strong></span> 
     </span>
     <span class='ocr_line' id='line_1_22' title="bbox 271 2428 2294 2516; baseline -0.002 -20"><span class='ocrx_word' id='word_1_188' title='bbox 271 2429 502 2496; x_wconf 75' lang='grc' dir='ltr'><strong><em>ἐοῦσαι</em></strong></span> <span class='ocrx_word' id='word_1_189' title='bbox 547 2428 698 2516; x_wconf 82' lang='grc' dir='ltr'><strong><em>περὶ</em></strong></span> <span class='ocrx_word' id='word_1_190' title='bbox 743 2431 819 2494; x_wconf 84' lang='grc' dir='ltr'><strong><em>τὸ</em></strong></span> <span class='ocrx_word' id='word_1_191' title='bbox 866 2429 1055 2506; x_wconf 74' lang='grc' dir='ltr'><strong><em>ἕλκος</em></strong></span> <span class='ocrx_word' id='word_1_192' title='bbox 1079 2428 1210 2505; x_wconf 48' lang='grc' dir='ltr'><strong><em>,καὶ</em></strong></span> <span class='ocrx_word' id='word_1_193' title='bbox 1255 2431 1330 2495; x_wconf 90' lang='grc' dir='ltr'><strong><em>τὸ</em></strong></span> <span class='ocrx_word' id='word_1_194' title='bbox 1375 2429 1568 2512; x_wconf 88' lang='grc' dir='ltr'><strong><em>βέλος</em></strong></span> <span class='ocrx_word' id='word_1_195' title='bbox 1614 2429 1868 2496; x_wconf 83' lang='grc' dir='ltr'><strong><em>αὐτέων</em></strong></span> <span class='ocrx_word' id='word_1_196' title='bbox 1917 2429 2106 2514; x_wconf 84' lang='grc' dir='ltr'><strong><em>τύχοι</em></strong></span> <span class='ocrx_word' id='word_1_197' title='bbox 2160 2440 2294 2493; x_wconf 83' lang='grc' dir='ltr'><strong><em>τῶν</em></strong></span> 
     </span>
     <span class='ocr_line' id='line_1_23' title="bbox 272 2535 557 2621; baseline -0.007 -20"><span class='ocrx_word' id='word_1_198' title='bbox 272 2535 557 2621; x_wconf 75' lang='grc' dir='ltr'><strong><em>ραφέων.</em></strong></span> 
     </span>
    </p>
   </div>
   <div class='ocr_carea' id='block_1_3' title="bbox 272 2725 2299 3578">
    <p class='ocr_par' dir='ltr' id='par_1_5' title="bbox 272 2725 2299 3578">
     <span class='ocr_line' id='line_1_24' title="bbox 413 2725 2223 2798; baseline -0.001 -18"><span class='ocrx_word' id='word_1_199' title='bbox 413 2734 445 2780; x_wconf 89' lang='grc'>2</span> <span class='ocrx_word' id='word_1_200' title='bbox 486 2726 692 2783; x_wconf 75' lang='grc' dir='ltr'><strong><em>ἐλάσσω</em></strong></span> <span class='ocrx_word' id='word_1_201' title='bbox 727 2728 933 2798; x_wconf 84' lang='grc' dir='ltr'><strong><em>ταύτης</em></strong></span> <span class='ocrx_word' id='word_1_202' title='bbox 966 2729 1012 2782; x_wconf 95' lang='grc' dir='ltr'>Β</span> <span class='ocrx_word' id='word_1_203' title='bbox 1149 2735 1180 2781; x_wconf 87' lang='grc'><strong>3</strong></span> <span class='ocrx_word' id='word_1_204' title='bbox 1220 2729 1280 2783; x_wconf 79' lang='grc' dir='ltr'><strong><em>ἐκ</em></strong></span> <span class='ocrx_word' id='word_1_205' title='bbox 1283 2728 1634 2798; x_wconf 72' lang='grc' dir='ltr'><strong><em>φυγγανουσι</em></strong></span> <span class='ocrx_word' id='word_1_206' title='bbox 1669 2727 1722 2782; x_wconf 89' lang='lat' dir='ltr'><strong>V</strong></span> <span class='ocrx_word' id='word_1_207' title='bbox 1867 2733 1898 2781; x_wconf 83' lang='lat'>5</span> <span class='ocrx_word' id='word_1_208' title='bbox 1934 2725 2144 2783; x_wconf 83' lang='grc' dir='ltr'><strong><em>πλέονα</em></strong></span> <span class='ocrx_word' id='word_1_209' title='bbox 2171 2726 2223 2779; x_wconf 85' lang='lat' dir='ltr'><strong>V</strong></span> 
     </span>
     <span class='ocr_line' id='line_1_25' title="bbox 273 2797 2192 2869; baseline -0.001 -17"><span class='ocrx_word' id='word_1_210' title='bbox 273 2803 305 2852; x_wconf 76' lang='lat'>6</span> <span class='ocrx_word' id='word_1_211' title='bbox 340 2798 510 2867; x_wconf 74' lang='grc' dir='ltr'><strong><em>ἄνθρ.</em></strong></span> <span class='ocrx_word' id='word_1_212' title='bbox 550 2798 603 2852; x_wconf 89' lang='lat' dir='ltr'><strong>V</strong></span> <span class='ocrx_word' id='word_1_213' title='bbox 728 2802 859 2853; x_wconf 71' lang='lat' dir='ltr'><strong>ante</strong></span> <span class='ocrx_word' id='word_1_214' title='bbox 897 2799 1045 2862; x_wconf 79' lang='grc' dir='ltr'><strong><em>ὅστις</em></strong></span> <span class='ocrx_word' id='word_1_215' title='bbox 1082 2800 1209 2853; x_wconf 78' lang='lat' dir='ltr'><strong>add.</strong></span> <span class='ocrx_word' id='word_1_216' title='bbox 1247 2800 1283 2869; x_wconf 87' lang='grc' dir='ltr'><em>ἡ</em></span> <span class='ocrx_word' id='word_1_217' title='bbox 1321 2801 1367 2853; x_wconf 92' lang='grc' dir='ltr'>Β</span> <span class='ocrx_word' id='word_1_218' title='bbox 1496 2797 1642 2863; x_wconf 83' lang='grc' dir='ltr'><strong><em>’ὅστις</em></strong></span> <span class='ocrx_word' id='word_1_219' title='bbox 1676 2798 1792 2866; x_wconf 91' lang='lat' dir='ltr'><strong><em>BV,</em></strong></span> <span class='ocrx_word' id='word_1_220' title='bbox 1841 2797 1901 2854; x_wconf 79' lang='grc' dir='ltr'><strong><em>εἴ</em></strong></span> <span class='ocrx_word' id='word_1_221' title='bbox 1925 2818 2011 2862; x_wconf 88' lang='grc' dir='ltr'><strong><em>τις</em></strong></span> <span class='ocrx_word' id='word_1_222' title='bbox 2044 2797 2192 2868; x_wconf 78' lang='lat' dir='ltr'><strong>vulg.</strong></span> 
     </span>
     <span class='ocr_line' id='line_1_26' title="bbox 273 2867 2294 2940; baseline 0 -16"><span class='ocrx_word' id='word_1_223' title='bbox 273 2867 344 2925; x_wconf 76' lang='grc' dir='ltr'><strong><em>ἂν</em></strong></span> <span class='ocrx_word' id='word_1_224' title='bbox 380 2886 489 2924; x_wconf 86' lang='lat' dir='ltr'><strong><em>om</em></strong></span> <span class='ocrx_word' id='word_1_225' title='bbox 528 2869 580 2924; x_wconf 88' lang='lat' dir='ltr'><strong>V</strong></span> <span class='ocrx_word' id='word_1_226' title='bbox 759 2875 790 2924; x_wconf 83' lang='lat'><strong>7</strong></span> <span class='ocrx_word' id='word_1_227' title='bbox 826 2869 1005 2940; x_wconf 85' lang='grc' dir='ltr'><strong><em>μέλλει</em></strong></span> <span class='ocrx_word' id='word_1_228' title='bbox 1041 2870 1094 2925; x_wconf 92' lang='lat' dir='ltr'><strong>V</strong></span> <span class='ocrx_word' id='word_1_229' title='bbox 1201 2869 1338 2925; x_wconf 80' lang='grc' dir='ltr'><strong><em>ὅκου</em></strong></span> <span class='ocrx_word' id='word_1_230' title='bbox 1371 2867 1447 2926; x_wconf 68' lang='grc' dir='ltr'><strong><em>ἂν</em></strong></span> <span class='ocrx_word' id='word_1_231' title='bbox 1483 2871 1548 2937; x_wconf 84' lang='grc' dir='ltr'>Β,</span> <span class='ocrx_word' id='word_1_232' title='bbox 1601 2868 1743 2925; x_wconf 80' lang='grc' dir='ltr'><strong><em>ὅπου</em></strong></span> <span class='ocrx_word' id='word_1_233' title='bbox 1781 2867 1885 2926; x_wconf 78' lang='grc' dir='ltr'><strong><em>οὖν</em></strong></span> <span class='ocrx_word' id='word_1_234' title='bbox 1920 2869 1988 2936; x_wconf 92' lang='lat' dir='ltr'><strong><em>V,</em></strong></span> <span class='ocrx_word' id='word_1_235' title='bbox 2045 2868 2294 2925; x_wconf 79' lang='grc' dir='ltr'><strong><em>ὁπουοῦν</em></strong></span> 
     </span>
     <span class='ocr_line' id='line_1_27' title="bbox 272 2940 2296 3032; baseline -0.002 -37"><span class='ocrx_word' id='word_1_236' title='bbox 272 2940 419 3028; x_wconf 80' lang='lat' dir='ltr'>vulg.</span> <span class='ocrx_word' id='word_1_237' title='bbox 593 2946 627 3001; x_wconf 77' lang='lat'>8</span> <span class='ocrx_word' id='word_1_238' title='bbox 643 2941 807 3032; x_wconf 73' lang='grc' dir='ltr'><strong><em>ἔχων</em></strong></span> <span class='ocrx_word' id='word_1_239' title='bbox 847 2941 896 2994; x_wconf 92' lang='lat' dir='ltr'><strong>V</strong></span> <span class='ocrx_word' id='word_1_240' title='bbox 931 2942 1098 3011; x_wconf 59' lang='lat' dir='ltr'>vulg„</span> <span class='ocrx_word' id='word_1_241' title='bbox 1139 2941 1168 2995; x_wconf 77' lang='grc' dir='ltr'><strong>ἔ</strong></span> <span class='ocrx_word' id='word_1_242' title='bbox 1165 2961 1250 3013; x_wconf 80' lang='grc' dir='ltr'><strong><em>χει</em></strong></span> <span class='ocrx_word' id='word_1_243' title='bbox 1284 2942 1347 3007; x_wconf 93' lang='grc' dir='ltr'><strong><em>Β,</em></strong></span> <span class='ocrx_word' id='word_1_244' title='bbox 1388 2940 1587 3011; x_wconf 80' lang='lat' dir='ltr'><strong>scripsi</strong></span> <span class='ocrx_word' id='word_1_245' title='bbox 1624 2942 1720 3013; x_wconf 75' lang='grc' dir='ltr'><strong><em>ἔχῃ</em></strong></span> <span class='ocrx_word' id='word_1_246' title='bbox 1895 2946 1961 2995; x_wconf 87' lang='grc'><strong><em>10</em></strong></span> <span class='ocrx_word' id='word_1_247' title='bbox 2000 2960 2169 2994; x_wconf 84' lang='grc' dir='ltr'><strong><em>αυται</em></strong></span> <span class='ocrx_word' id='word_1_248' title='bbox 2204 2940 2296 3008; x_wconf 86' lang='lat' dir='ltr'><strong><em>B¹,</em></strong></span> 
     </span>
     <span class='ocr_line' id='line_1_28' title="bbox 340 3007 2297 3081; baseline 0.001 -16"><span class='ocrx_word' id='word_1_249' title='bbox 340 3029 408 3065; x_wconf 77' lang='lat' dir='ltr'><strong><em>ss.</em></strong></span> <span class='ocrx_word' id='word_1_250' title='bbox 449 3011 538 3079; x_wconf 77' lang='lat' dir='ltr'><strong><em>B⁸,</em></strong></span> <span class='ocrx_word' id='word_1_251' title='bbox 595 3007 764 3066; x_wconf 81' lang='grc' dir='ltr'><strong><em>αὗται</em></strong></span> <span class='ocrx_word' id='word_1_252' title='bbox 802 3014 903 3066; x_wconf 73' lang='lat' dir='ltr'><strong><em>oet.</em></strong></span> <span class='ocrx_word' id='word_1_253' title='bbox 946 3013 1105 3066; x_wconf 81' lang='lat' dir='ltr'>codd.</span> <span class='ocrx_word' id='word_1_254' title='bbox 1234 3021 1392 3081; x_wconf 80' lang='grc' dir='ltr'><strong><em>σφῶν</em></strong></span> <span class='ocrx_word' id='word_1_255' title='bbox 1430 3013 1589 3066; x_wconf 81' lang='lat' dir='ltr'>codd.</span> <span class='ocrx_word' id='word_1_256' title='bbox 1701 3014 1887 3067; x_wconf 72' lang='grc' dir='ltr'><strong><em>αὐτῶν</em></strong></span> <span class='ocrx_word' id='word_1_257' title='bbox 1924 3011 1974 3065; x_wconf 86' lang='lat' dir='ltr'><strong>V</strong></span> <span class='ocrx_word' id='word_1_258' title='bbox 2119 3017 2183 3064; x_wconf 91' lang='lat'><strong><em>11</em></strong></span> <span class='ocrx_word' id='word_1_259' title='bbox 2224 3011 2297 3066; x_wconf 81' lang='grc' dir='ltr'><strong><em>τὰ</em></strong></span> 
     </span>
     <span class='ocr_line' id='line_1_29' title="bbox 275 3080 2194 3175; baseline 0 -39"><span class='ocrx_word' id='word_1_260' title='bbox 275 3090 444 3151; x_wconf 78' lang='grc' dir='ltr'><strong><em>νεῦρα</em></strong></span> <span class='ocrx_word' id='word_1_261' title='bbox 482 3083 662 3153; x_wconf 74' lang='grc' dir='ltr'><strong><em>ἀγμῆς</em></strong></span> <span class='ocrx_word' id='word_1_262' title='bbox 695 3099 798 3171; x_wconf 86' lang='lat' dir='ltr'><strong><em>pro</em></strong></span> <span class='ocrx_word' id='word_1_263' title='bbox 836 3083 974 3139; x_wconf 80' lang='grc' dir='ltr'><strong><em>ἄνευ</em></strong></span> <span class='ocrx_word' id='word_1_264' title='bbox 1007 3081 1178 3154; x_wconf 70' lang='grc' dir='ltr'><strong><em>ῤ’ωγμ.</em></strong></span> <span class='ocrx_word' id='word_1_265' title='bbox 1208 3082 1305 3137; x_wconf 96' lang='lat' dir='ltr'><strong>V</strong></span> <span class='ocrx_word' id='word_1_266' title='bbox 1366 3085 1465 3138; x_wconf 77' lang='grc' dir='ltr'><strong><em>καὶ</em></strong></span> <span class='ocrx_word' id='word_1_267' title='bbox 1492 3085 1624 3138; x_wconf 75' lang='lat' dir='ltr'><strong>ante</strong></span> <span class='ocrx_word' id='word_1_268' title='bbox 1654 3084 1757 3139; x_wconf 78' lang='grc' dir='ltr'><strong><em>ἔσω</em></strong></span> <span class='ocrx_word' id='word_1_269' title='bbox 1786 3083 1964 3149; x_wconf 65' lang='lat' dir='ltr'>codd„</span> <span class='ocrx_word' id='word_1_270' title='bbox 1991 3080 2038 3175; x_wconf 80' lang='grc' dir='ltr'>ἢ</span> <span class='ocrx_word' id='word_1_271' title='bbox 2068 3082 2194 3137; x_wconf 83' lang='lat' dir='ltr'><strong>edd.</strong></span> 
     </span>
     <span class='ocr_line' id='line_1_30' title="bbox 276 3149 2299 3225; baseline 0.001 -19"><span class='ocrx_word' id='word_1_272' title='bbox 276 3152 399 3207; x_wconf 78' lang='grc' dir='ltr'><strong><em>εἴσω</em></strong></span> <span class='ocrx_word' id='word_1_273' title='bbox 436 3154 482 3207; x_wconf 95' lang='grc' dir='ltr'>Β</span> <span class='ocrx_word' id='word_1_274' title='bbox 594 3160 661 3208; x_wconf 87' lang='grc'><strong><em>12</em></strong></span> <span class='ocrx_word' id='word_1_275' title='bbox 701 3150 755 3209; x_wconf 75' lang='grc' dir='ltr'><strong><em>δ’</em></strong></span> <span class='ocrx_word' id='word_1_276' title='bbox 791 3153 1137 3225; x_wconf 65' lang='grc' dir='ltr'><strong><em>ἐπιγίνονται</em></strong></span> <span class='ocrx_word' id='word_1_277' title='bbox 1161 3154 1208 3207; x_wconf 90' lang='grc' dir='ltr'>Β</span> <span class='ocrx_word' id='word_1_278' title='bbox 1299 3156 1396 3209; x_wconf 75' lang='grc' dir='ltr'><strong><em>καὶ</em></strong></span> <span class='ocrx_word' id='word_1_279' title='bbox 1421 3155 1487 3211; x_wconf 77' lang='grc' dir='ltr'><strong><em>ἐν</em></strong></span> <span class='ocrx_word' id='word_1_280' title='bbox 1513 3163 1589 3209; x_wconf 79' lang='grc' dir='ltr'><strong><em>τῶ</em></strong></span> <span class='ocrx_word' id='word_1_281' title='bbox 1616 3154 1669 3208; x_wconf 89' lang='lat' dir='ltr'><strong>V</strong></span> <span class='ocrx_word' id='word_1_282' title='bbox 1779 3160 1845 3208; x_wconf 78' lang='lat'><strong><em>13</em></strong></span> <span class='ocrx_word' id='word_1_283' title='bbox 1882 3155 1940 3220; x_wconf 71' lang='grc' dir='ltr'><strong><em>ἐξ</em></strong></span> <span class='ocrx_word' id='word_1_284' title='bbox 1980 3149 2057 3210; x_wconf 86' lang='grc' dir='ltr'><strong><em>ὧν</em></strong></span> <span class='ocrx_word' id='word_1_285' title='bbox 2093 3170 2195 3223; x_wconf 85' lang='lat' dir='ltr'><strong><em>pro</em></strong></span> <span class='ocrx_word' id='word_1_286' title='bbox 2237 3155 2299 3209; x_wconf 79' lang='grc' dir='ltr'><strong><em>ἐκ</em></strong></span> 
     </span>
     <span class='ocr_line' id='line_1_31' title="bbox 276 3223 2189 3295; baseline 0.001 -19"><span class='ocrx_word' id='word_1_287' title='bbox 276 3224 484 3280; x_wconf 80' lang='grc' dir='ltr'><strong><em>τούτων</em></strong></span> <span class='ocrx_word' id='word_1_288' title='bbox 520 3224 568 3278; x_wconf 94' lang='grc' dir='ltr'>Β</span> <span class='ocrx_word' id='word_1_289' title='bbox 711 3224 952 3282; x_wconf 81' lang='grc' dir='ltr'><strong><em>τουτέων</em></strong></span> <span class='ocrx_word' id='word_1_290' title='bbox 988 3226 1040 3280; x_wconf 92' lang='lat' dir='ltr'><strong>V</strong></span> <span class='ocrx_word' id='word_1_291' title='bbox 1183 3224 1212 3279; x_wconf 85' lang='grc' dir='ltr'><strong><em>ὁ</em></strong></span> <span class='ocrx_word' id='word_1_292' title='bbox 1250 3224 1374 3291; x_wconf 87' lang='lat' dir='ltr'><strong><em>BV,</em></strong></span> <span class='ocrx_word' id='word_1_293' title='bbox 1418 3243 1525 3280; x_wconf 87' lang='lat' dir='ltr'><strong><em>om.</em></strong></span> <span class='ocrx_word' id='word_1_294' title='bbox 1564 3225 1711 3295; x_wconf 78' lang='lat' dir='ltr'><strong>vulg.</strong></span> <span class='ocrx_word' id='word_1_295' title='bbox 1859 3231 1925 3279; x_wconf 87' lang='grc'><strong><em>16</em></strong></span> <span class='ocrx_word' id='word_1_296' title='bbox 1959 3223 2105 3295; x_wconf 72' lang='grc' dir='ltr'><strong><em>γίγν.</em></strong></span> <span class='ocrx_word' id='word_1_297' title='bbox 2144 3223 2189 3277; x_wconf 93' lang='grc' dir='ltr'>Β</span> 
     </span>
     <span class='ocr_line' id='line_1_32' title="bbox 281 3293 2298 3367; baseline 0.002 -22"><span class='ocrx_word' id='word_1_298' title='bbox 281 3297 344 3345; x_wconf 77' lang='grc'><strong><em>17</em></strong></span> <span class='ocrx_word' id='word_1_299' title='bbox 378 3296 537 3366; x_wconf 82' lang='grc' dir='ltr'><strong><em>τύχοι</em></strong></span> <span class='ocrx_word' id='word_1_300' title='bbox 564 3296 966 3367; x_wconf 70' lang='lat' dir='ltr'><strong>BV,-⁷1vu1g.</strong></span> <span class='ocrx_word' id='word_1_301' title='bbox 1113 3300 1179 3348; x_wconf 90' lang='lat'><strong><em>18</em></strong></span> <span class='ocrx_word' id='word_1_302' title='bbox 1218 3295 1430 3365; x_wconf 82' lang='grc' dir='ltr'><strong><em>ἑωυτὴν</em></strong></span> <span class='ocrx_word' id='word_1_303' title='bbox 1465 3312 1568 3365; x_wconf 86' lang='lat' dir='ltr'><strong><em>pro</em></strong></span> <span class='ocrx_word' id='word_1_304' title='bbox 1597 3296 1778 3365; x_wconf 80' lang='grc' dir='ltr'><strong><em>αὐτὴν</em></strong></span> <span class='ocrx_word' id='word_1_305' title='bbox 1814 3297 1860 3350; x_wconf 94' lang='grc' dir='ltr'>Β</span> <span class='ocrx_word' id='word_1_306' title='bbox 2007 3302 2089 3351; x_wconf 90' lang='lat'><strong><em>18.</em></strong></span> <span class='ocrx_word' id='word_1_307' title='bbox 2122 3293 2257 3349; x_wconf 76' lang='lat'><strong><em>19</em></strong></span> <span class='ocrx_word' id='word_1_308' title='bbox 2226 3316 2298 3363; x_wconf 86' lang='grc' dir='ltr'><strong><em>ην</em></strong></span> 
     </span>
     <span class='ocr_line' id='line_1_33' title="bbox 281 3317 2293 3458; baseline -0.001 -40"><span class='ocrx_word' id='word_1_309' title='bbox 281 3364 342 3418; x_wconf 79' lang='grc' dir='ltr'><strong><em>τὸ</em></strong></span> <span class='ocrx_word' id='word_1_310' title='bbox 376 3317 484 3436; x_wconf 77' lang='grc' dir='ltr'><strong><em>βέλ.</em></strong></span> <span class='ocrx_word' id='word_1_311' title='bbox 525 3383 631 3428; x_wconf 74' lang='lat' dir='ltr'><strong><em>om.</em></strong></span> <span class='ocrx_word' id='word_1_312' title='bbox 671 3317 804 3426; x_wconf 73' lang='lat' dir='ltr'><strong>Lit&#39;t</strong></span> <span class='ocrx_word' id='word_1_313' title='bbox 837 3367 1024 3435; x_wconf 75' lang='lat' dir='ltr'>Scaljg</span> <span class='ocrx_word' id='word_1_314' title='bbox 1022 3383 1181 3422; x_wconf 68' lang='lat' dir='ltr'><strong>erum</strong></span> <span class='ocrx_word' id='word_1_315' title='bbox 1219 3370 1443 3422; x_wconf 70' lang='lat' dir='ltr'><strong>secutus</strong></span> <span class='ocrx_word' id='word_1_316' title='bbox 1545 3366 1746 3458; x_wconf 73' lang='lat' dir='ltr'><strong>post</strong></span> <span class='ocrx_word' id='word_1_317' title='bbox 1715 3389 1787 3436; x_wconf 82' lang='grc' dir='ltr'><strong><em>ην</em></strong></span> <span class='ocrx_word' id='word_1_318' title='bbox 1825 3367 1954 3422; x_wconf 74' lang='lat' dir='ltr'><strong>add.</strong></span> <span class='ocrx_word' id='word_1_319' title='bbox 1982 3367 2121 3437; x_wconf 77' lang='grc' dir='ltr'><strong><em>τύχῃ</em></strong></span> <span class='ocrx_word' id='word_1_320' title='bbox 2148 3365 2293 3418; x_wconf 86' lang='lat' dir='ltr'><strong><em>th.</em></strong></span> 
     </span>
     <span class='ocr_line' id='line_1_34' title="bbox 353 3389 2298 3529; baseline -0.002 -41"><span class='ocrx_word' id='word_1_321' title='bbox 353 3440 416 3490; x_wconf 75' lang='lat'><strong><em>19</em></strong></span> <span class='ocrx_word' id='word_1_322' title='bbox 453 3435 610 3501; x_wconf 79' lang='grc' dir='ltr'><strong><em>ἕλκος</em></strong></span> <span class='ocrx_word' id='word_1_323' title='bbox 644 3454 746 3506; x_wconf 83' lang='lat' dir='ltr'><strong><em>pro</em></strong></span> <span class='ocrx_word' id='word_1_324' title='bbox 785 3437 963 3529; x_wconf 79' lang='grc' dir='ltr'><strong><em>βέλος</em></strong></span> <span class='ocrx_word' id='word_1_325' title='bbox 975 3437 1122 3492; x_wconf 85' lang='lat' dir='ltr'><strong>Erm.</strong></span> <span class='ocrx_word' id='word_1_326' title='bbox 1152 3437 1297 3495; x_wconf 83' lang='lat' dir='ltr'>th</span> <span class='ocrx_word' id='word_1_327' title='bbox 1312 3438 1408 3505; x_wconf 89' lang='lat' dir='ltr'><strong><em>Pq</em></strong></span> <span class='ocrx_word' id='word_1_328' title='bbox 1521 3444 1590 3491; x_wconf 84' lang='lat'><strong><em>20</em></strong></span> <span class='ocrx_word' id='word_1_329' title='bbox 1627 3389 1750 3510; x_wconf 81' lang='grc' dir='ltr'><strong><em>&lt;ᾖ&gt;</em></strong></span> <span class='ocrx_word' id='word_1_330' title='bbox 1788 3438 1915 3492; x_wconf 85' lang='lat' dir='ltr'><strong><em>Wb.</em></strong></span> <span class='ocrx_word' id='word_1_331' title='bbox 2027 3442 2092 3488; x_wconf 80' lang='lat'><strong><em>21</em></strong></span> <span class='ocrx_word' id='word_1_332' title='bbox 2133 3431 2298 3488; x_wconf 76' lang='grc' dir='ltr'><strong><em>οὖσαι</em></strong></span> 
     </span>
     <span class='ocr_line' id='line_1_35' title="bbox 281 3455 2288 3578; baseline -0 -21"><span class='ocrx_word' id='word_1_333' title='bbox 281 3502 333 3557; x_wconf 88' lang='lat' dir='ltr'><strong>V</strong></span> <span class='ocrx_word' id='word_1_334' title='bbox 436 3511 583 3562; x_wconf 69' lang='lat' dir='ltr'><strong><em>ante</em></strong></span> <span class='ocrx_word' id='word_1_335' title='bbox 601 3509 731 3577; x_wconf 79' lang='grc' dir='ltr'><strong><em>περὶ</em></strong></span> <span class='ocrx_word' id='word_1_336' title='bbox 767 3509 894 3564; x_wconf 79' lang='lat' dir='ltr'><strong>add.</strong></span> <span class='ocrx_word' id='word_1_337' title='bbox 933 3508 970 3577; x_wconf 80' lang='grc' dir='ltr'>ἠ</span> <span class='ocrx_word' id='word_1_338' title='bbox 1007 3508 1070 3576; x_wconf 87' lang='grc' dir='ltr'>Β,</span> <span class='ocrx_word' id='word_1_339' title='bbox 1106 3507 1141 3578; x_wconf 80' lang='grc' dir='ltr'><strong>ἢ</strong></span> <span class='ocrx_word' id='word_1_340' title='bbox 1180 3510 1231 3563; x_wconf 91' lang='lat' dir='ltr'><strong>V</strong></span> <span class='ocrx_word' id='word_1_341' title='bbox 1357 3455 1442 3561; x_wconf 79' lang='lat' dir='ltr'><strong><em>q22</em></strong></span> <span class='ocrx_word' id='word_1_342' title='bbox 1481 3505 1679 3577; x_wconf 67' lang='grc' dir='ltr'><strong><em>ῤἀφῶν</em></strong></span> <span class='ocrx_word' id='word_1_343' title='bbox 1718 3507 2288 3561; x_wconf 85' lang='lat' dir='ltr'><strong>codd..</strong></span> 
     </span>
    </p>
   </div>
   <div class='ocr_carea' id='block_1_4' title="bbox 2504 0 2588 209">
    <p class='ocr_par' dir='ltr' id='par_1_6' title="bbox 2504 0 2588 209">
     <span class='ocr_line' id='line_1_36' title="bbox 2504 0 2586 209; baseline 0 -182"><span class='ocrx_word' id='word_1_344' title='bbox 2504 0 2586 209; x_wconf 35' lang='grc' dir='ltr'>ἳὶ</span> 
     </span>
     <span class='ocr_line' id='line_1_37' title="bbox 2562 92 2588 171; baseline 0 0"><span class='ocrx_word' id='word_1_345' title='bbox 2562 92 2588 171; x_wconf 63' lang='grc' dir='ltr'><em>Τ</em></span> 
     </span>
    </p>
   </div>
  </div>
 </body>
</html>
