2588 3876
401 105 533 166 222
909 107 1085 155 ΠΕΡΙ
1122 105 1415 157 ΑΡΘΡῼΝ
1453 107 1814 157 ΕΜΒΟΛΗΣ
1851 109 1918 157 69

399 268 873 351 περιγίνονται.
948 258 1082 330 οἷσι
1140 267 1263 350 μὲν
1325 261 1453 329 οὖν
1516 265 1933 349 καταγέντων
1991 276 2128 331 τῶν
2189 265 2421 330 ὀστέων

400 369 833 456 ἀποσφίγξιες
877 372 1112 437 αὐτίκα
1166 370 1478 454 ἐγένοντο
1531 371 1641 436 καὶ
1687 375 2042 457 μελασμοί,
2099 374 2417 437 τούτοισιν

294 494 400 542 284
417 475 542 560 μὲν
587 489 839 562 ταχεῖαι
876 480 943 543 αἱ
980 476 1395 563 περιρρήξιες
1440 482 1750 561 γίνονται
1795 488 1918 543 τοῦ
1952 478 1959 564 1
1994 481 2288 564 σώματος
2321 475 2416 542 καὶ

401 588 481 651 τὰ
545 584 1002 649 ἀποπίπτοντα
1065 583 1310 669 ταχέως
1375 583 1738 650 ἀποπίπτει
1811 586 1938 668 ἤδη
2003 595 2142 650 τῶν
2194 583 2418 649 ὀστέων

348 716 372 756 ι
400 692 1028 775 προενδεὸωκότων·
1095 682 1231 755 οἶσι
1279 688 1353 755 δὲ
1397 689 1648 774 ὑγιέων
1696 690 1947 756 ἐόντων
2004 702 2139 756 τῶν
2192 689 2419 755 ὀστέων

401 799 466 862 οἱ
502 795 821 881 μελασμοὶ
852 799 1174 879 γίνονται,
1212 798 1279 861 αἱ
1318 798 1441 880 μὲν
1472 798 1712 881 σάρκες
1740 795 1986 881 ταχέως
2013 800 2414 880 θνήσκουσιν

400 901 511 968 καὶ
549 904 874 985 τούτοισι,
920 904 1000 966 τὰ
1039 899 1112 967 δὲ
1149 901 1344 967 ὀστέα
1379 902 1680 986 βραδέως
1718 901 2106 987 ἀφίσταται,
2152 894 2193 986 ᾗ
2236 902 2315 967 ἂν
2346 901 2417 966 τὰ

402 1010 555 1093 ὅρια
601 1017 721 1075 τοῦ
767 1014 1105 1093 μελασμοῦ
1153 1008 1422 1092 γένηται
1468 1007 1578 1074 καὶ
1625 1010 1664 1094 ἡ
1710 1013 1990 1087 ψίλωσις
2027 1019 2149 1074 τοῦ
2186 1008 2417 1073 ὀστέου.

401 1117 526 1200 χρὴ
574 1116 649 1179 δὲ
695 1115 818 1180 ὅσα
864 1113 951 1179 ἄν
987 1114 1328 1198 κατωτέρω
1375 1124 1495 1181 τοῦ
1544 1117 1845 1196 σώματος
1881 1126 2019 1181 τῶν
2065 1114 2267 1200 ὁρίων
2306 1121 2413 1177 τοῦ

323 1248 374 1287 10
402 1227 740 1306 μελασμοῦ
802 1213 874 1305 ᾖ,
937 1230 1172 1304 ταῦτα,
1236 1221 1400 1286 ὅταν
1457 1223 1585 1304 ἤδη
1646 1222 1921 1304 πάμπαν
1979 1225 2264 1306 τεθνήκῃ
2317 1216 2410 1283 καὶ

403 1325 693 1408 ἀναλγέα
738 1320 808 1412 ᾗ,
865 1325 1181 1410 ἀφαιρεῖν
1233 1328 1399 1392 κατὰ
1452 1328 1527 1391 τὸ
1575 1329 1841 1412 ἄρθρον
1884 1331 2413 1412 προμηθεόμενον

404 1433 580 1508 ὅπως
624 1434 713 1515 μὴ
759 1433 1149 1518 τιτρώσκῃς·
1208 1432 1293 1516 ἢν
1349 1434 1475 1518 γὰρ
1532 1433 1840 1519 ὀδυνηθῇ
1897 1433 2411 1518 ἀποταμνόμενος

402 1537 512 1603 καὶ
558 1539 750 1621 μήπω
799 1540 1052 1623 κυρήσῃ
1099 1540 1172 1604 τὸ
1221 1550 1407 1620 σῶμα
1442 1541 1718 1616 τεθνεὸς
1754 1541 1960 1624 ταύτῃ
1997 1533 2040 1623 ᾗ
2080 1539 2412 1622 ἀποτάμνε-

401 1668 539 1727 ται,
604 1645 809 1728 κάρτα
873 1646 1191 1722 κίνδυνος
1249 1645 1382 1709 ὑπὸ
1447 1655 1561 1729 τῆς
1624 1645 1870 1729 ὀδύνης
1916 1651 2410 1728 λειποθυμῆσαι·

321 1776 371 1818 ιε
401 1752 470 1816 αἱ
531 1751 606 1815 δὲ
663 1760 962 1815 τοιαῦται
1027 1754 1460 1836 λειποθυμίαι
1519 1753 1809 1828 πολλοὺς
1863 1762 2252 1836 παραχρῆμα
2301 1749 2409 1832 ἤδη

401 1856 766 1922 ἀπώλεσαν.
840 1866 1056 1942 μηροῦ
1093 1853 1217 1940 μὲν
1254 1852 1381 1922 οὗν
1417 1856 1651 1922 ὀστέον
1688 1858 1991 1935 ψιλωθὲν
2031 1857 2102 1922 ἐκ
2130 1858 2410 1922 τοιούτου

400 1966 656 2047 τρόπου
716 1964 1235 2047 ὀγδοηκοσταῖον
1291 1960 1479 2029 εἶδον
1534 1963 1663 2047 ἐγὼ
1728 1964 2055 2029 ἀποστάν·
2121 1966 2160 2048 ἡ
2213 1963 2412 2045 μέντοι
2526 1991 2527 1996 “

403 2071 617 2151 κνήμη
681 2072 892 2157 τούτω
957 2078 1048 2157 τῷ·
1112 2069 1452 2158 ἀνθρώπῳ
1517 2073 1682 2135 κατὰ
1746 2072 1820 2135 τὸ
1893 2073 2062 2154 γόνυ
2129 2069 2411 2155 ἀφῃρέθη

404 2177 762 2258 εἰκοσταίη·
818 2175 1034 2241 ἐδόκει
1090 2175 1168 2241 δέ
1216 2202 1332 2258 μοι
1385 2175 1495 2241 καὶ
1553 2176 1911 2261 ἐγγυτέρω·
1984 2177 2068 2242 οὐ
2116 2179 2239 2260 γὰρ
2283 2172 2403 2239 ἀλλ’

322 2310 374 2349 20
402 2280 511 2346 ἐπὶ
537 2282 611 2346 τὸ
638 2281 1183 2366 προμηθέστερον
1210 2280 1405 2360 ἔδοξέ
1435 2306 1499 2347 τι
1536 2294 1771 2348 ποιεῖν.
1844 2286 2097 2366 κνήμης
2136 2285 2209 2348 δὲ
2243 2279 2411 2346 ὀστέα

399 2387 472 2453 ἐκ
526 2388 833 2453 τοιούτου
885 2392 1254 2474 μελασμοῦ,
1309 2388 1484 2470 μάλα
1537 2390 1700 2453 κατὰ
1752 2387 1962 2472 μέσην
2007 2391 2131 2472 τὴν
2175 2391 2406 2471 κνήμην

544 2552 570 2598 1
614 2540 715 2599 οὖν
753 2562 858 2598 om.
889 2545 940 2598 V
1066 2544 1449 2613 κατεαγέντων
1485 2545 1618 2611 BV,
1664 2545 1944 2615 κατηαγὲν
1979 2554 2091 2599 τῶν
2130 2546 2189 2598 Μ
2309 2552 2403 2597 τῶν

398 2634 505 2671 om.
546 2616 678 2683 BV,
714 2616 988 2685 praebent
1021 2616 1146 2669 Par.
1186 2615 1398 2669 FIMN
1553 2622 1584 2669 2
1632 2612 2102 2684 ἀποσφακελίξιες
2139 2616 2222 2682 Μ,
2276 2615 2404 2682 -ξηες

397 2688 448 2742 V
485 2705 588 2757 pro
626 2688 775 2741 ἀποσ
824 2682 989 2755 ίγξιες
1098 2686 1347 2740 τούτοισι
1382 2686 1502 2739 MV
1646 2692 1678 2739 3
1717 2686 1779 2740 αἱ
1816 2703 1923 2740 om.
1963 2687 2086 2741 MV
2194 2694 2290 2740 τοῦ
2317 2685 2402 2738 σώ-

397 2779 572 2828 ματος
609 2758 715 2811 del.
802 2775 901 2811 rm.
1048 2762 1082 2809 4
1118 2767 1230 2811 τῶν
1269 2775 1374 2811 om.
1414 2756 1466 2809 V
1611 2763 1642 2810 6
1680 2756 1997 2825 θνήσκουσι
2035 2758 2155 2812 MV
2263 2763 2291 2809 9
2325 2750 2401 2809 ὧσ’

397 2847 497 2899 pro
537 2827 641 2883 ὅσα
678 2829 724 2881 Β
832 2827 1146 2896 κατωτέρωι
1190 2829 1250 2880 Μ
1366 2835 1466 2881 τοῦ
1514 2829 1764 2897 σώματος
1809 2828 1916 2882 del.
1965 2828 2116 2883 Erm.
2282 2832 2340 2880 10
2380 2818 2408 2893 ἦ

400 2901 622 2969 scripsi,
662 2901 722 2969 ἔη
762 2900 920 2953 codd.
1017 2899 1281 2967 τεθνήκει
1320 2899 1371 2952 V
1527 2905 1589 2951 11
1630 2897 1927 2967 ἀφαιρέειν
1966 2898 2115 2969 (-έην
2153 2900 2233 2968 Μ)
2268 2880 2403 2952 codd.

503 2973 566 3026 τὸ
605 2989 711 3025 om.
751 2970 935 3024 MVP
1017 2968 1403 3039 προμηθευόμ.
1444 2973 1498 3024 Γ
1621 2976 1686 3023 12
1727 2967 1869 3031 ὅκως
1905 2971 2066 3024 codd.
2105 2971 2331 3038 τιτρώση
2355 2966 2405 3030 Β,

397 3063 452 3096 τι
489 3050 686 3109 τρῶσις
721 3041 803 3107 Μ,
851 3042 1216 3110 τιτρώσκησιν
1253 3041 1322 3107 V,
1378 3058 1649 3109 τιτρωσκη
1689 3044 1760 3106 Γ,
1819 3041 2125 3113 τιτρώσκῃς
2170 3041 2327 3106 Erm.‚
2366 3055 2408 3090 τι

395 3114 609 3185 τρώσῃς
646 3113 742 3179 Pq.
858 3117 923 3164 13
960 3112 1024 3165 τὸ
1064 3120 1219 3181 σῶμα
1259 3112 1365 3164 del.
1406 3112 1552 3164 Erm.
1627 3130 1849 3174 τεονεος
1884 3111 1994 3164 ΒΓ
2115 3118 2197 3165 13.
2232 3118 2294 3164 14
2327 3108 2407 3164 ἐὰν

397 3183 789 3252 ἀποτάμνηται
816 3187 881 3249 Γ,
920 3174 956 3254 ᾗ
984 3181 1247 3251 ἀποτέμν.
1279 3183 1438 3236 codd.
1535 3188 1616 3235 14.
1643 3187 1707 3235 15
1737 3185 1927 3236 λιποθ.
1959 3182 2117 3236 Pbis
2222 3189 2283 3235 15
2318 3179 2405 3247 ἤδη

397 3272 554 3320 παρα
590 3272 637 3320 ρ.
669 3258 721 3305 Γ
825 3259 892 3306 16
929 3261 1107 3322 μηροῦ
1140 3296 1149 3306 .
1185 3297 1194 3306 .
1229 3297 1238 3306 .
1270 3250 1523 3321 κρίνεται
1552 3256 1623 3321 (Ρ.
1656 3258 1778 3319 223,
1802 3256 1889 3322 13)
1928 3270 2034 3307 om.
2066 3258 2120 3307 Γ
2228 3257 2289 3306 17
2318 3249 2402 3320 ἐγὼ
2518 3299 2519 3312 2

400 3340 506 3376 om.
605 3322 655 3375 V
767 3328 832 3375 18
868 3319 1095 3391 τ’ἀνθρ.
1127 3324 1202 3390 Μ,
1240 3321 1293 3377 τ’
1327 3325 1502 3392 ὠνθρ.
1532 3324 1585 3377 V
1656 3322 1950 3392 ἀφαιρέθη
1981 3324 2026 3376 Β
2143 3329 2207 3377 19
2244 3319 2403 3377 ἐδόκεε
2518 3323 2519 3362 ἱ

400 3392 560 3447 codd.
654 3394 783 3458 post
811 3392 916 3461 γάρ
946 3394 1074 3447 add.
1115 3393 1230 3462 ἅμα
1256 3394 1394 3460 MV,
1433 3412 1538 3448 om.
1580 3394 1650 3460 B,
1690 3394 1797 3448 del.
1838 3394 1985 3447 Erm.
2132 3400 2214 3448 19.
2257 3398 2316 3446 20
2350 3390 2401 3443 οὐ

399 3463 505 3531 γὰρ
543 3464 750 3530 μᾶλλον
790 3462 881 3515 ἐπὶ
917 3463 1043 3516 Wb.
1190 3470 1260 3517 20
1297 3484 1382 3527 τις
1416 3465 1461 3517 Β
1570 3463 1785 3519 ποιέειν
1822 3465 1937 3517 ΒΜ
2045 3485 2104 3519 τε
2141 3482 2244 3534 pro
2283 3463 2336 3517 δὲ
2366 3459 2401 3512 Β
2516 3537 2517 3544 ¹
