2588 3876
761 147 935 198 ΠΕΡΙ
970 145 1225 199 ΑΓΜΩΝ
1265 151 1347 200 16.
1382 151 1463 200 17.
1497 151 1562 200 18
2100 147 2183 211 75

168 311 490 396 τρεύηται.
579 308 663 393 ἣν
721 308 796 374 δὲ
853 308 1233 394 ὑποπτεύῃς
1293 319 1431 374 τῶν
1488 308 1737 376 ὀστέων
1795 333 1858 374 τι
1918 310 2192 374 δεῖσθαί

169 442 346 494 τινος
391 416 797 500 διορθώσιος
840 416 882 498 ἥ
927 438 1078 480 τινα
1122 414 1403 482 ἕλκωσιν
1447 416 1772 502 ὀρρωδῇς,
1819 415 1892 480 ἐν
1939 425 2031 503 τῷ
2077 440 2188 501 με-

166 526 333 606 σηγὺ
360 525 580 609 χρόνῳ
609 523 731 608 χρὴ
761 522 1055 586 λύσαντα
1080 520 1190 587 καὶ
1210 523 1730 607 εὐθετισάμενον
1743 524 2186 608 μετεπιδῆσαι.

297 631 398 696 17.
453 627 585 693 ’Ὴν
640 625 714 693 δὲ
768 629 843 693 τὸ
899 627 1130 714 ἕτερον
1187 628 1423 695 ὀστέον
1479 632 1760 716 κατεήγῃ
1822 629 1894 694 ἐν
1951 632 2187 716 κνήμῃ,

171 738 557 812 κατατάσιος
593 732 716 820 μὲν
752 734 1233 820 ἄσθενεστέρης
1272 735 1502 819 δεῖται,
1541 737 1621 801 οὐ
1658 738 1790 821 μὴν
1828 735 2188 802 ἐπιλείπειν
2242 758 2265 799 5

170 847 285 970 χρή
358 839 522 908 οὐδὲ
575 842 925 926 βλακεύειν
988 840 1061 905 ἐν
1123 851 1201 927 τῇ
1274 843 1651 925 κατατάσει,
1724 843 2005 924 μάλιστα
2066 840 2188 925 μὲν

166 948 238 1014 ἐν
288 960 365 1034 τῇ
419 949 647 1034 πρώτῃ
705 947 992 1012 ἐπιδέσει
1046 951 1549 1014 κατατείνεσθαι
1605 949 1767 1014 ὅσον
1823 948 2186 1033 ἐφικνεῖται

168 1059 295 1121 αἰεί
333 1072 498 1122 ποτε
543 1056 759 1120 παντα
800 1055 882 1119 τὰ
926 1056 1332 1139 κατήγματα,
1379 1058 1438 1120 εἰ
1484 1053 1560 1120 δὲ
1602 1059 1713 1139 μή,
1760 1057 1849 1133 ὡς
1892 1057 2185 1140 ταχιστα·

169 1163 204 1227 ὅ
237 1187 298 1227 τι
331 1164 462 1249 γὰρ
504 1161 589 1227 ἂν
624 1164 712 1247 μὴ
750 1162 914 1226 κατὰ
947 1163 1201 1247 τρόπον
1238 1162 1726 1247 εὐθετισμένων
1762 1172 1899 1227 τῶν
1943 1162 2189 1228 ὀστέων

168 1268 439 1335 ἐπιδέων
488 1292 591 1345 τις
633 1268 845 1354 πιέζῃ,
899 1268 1336 1354 ὀδυναίτερον
1378 1270 1453 1334 τὸ
1501 1273 1748 1356 χωρίον
1793 1271 2063 1351 γίνεται.
2143 1270 2184 1353 ἡ
2214 1293 2266 1332 ιο

168 1372 236 1441 δὲ
280 1378 444 1461 ἄλλη
499 1377 746 1461 ἰητρείη
792 1376 833 1458 ἡ
880 1373 1063 1458 αὐτή.

294 1483 393 1547 18.
470 1487 621 1547 Τῶν
666 1481 740 1547 δὲ
794 1481 1041 1546 ὀστέων
1093 1482 1167 1546 τὸ
1213 1478 1337 1566 μὲν
1391 1484 1517 1547 ἔσω
1574 1493 1695 1547 τοῦ
1752 1482 2182 1568 ἄντικνημίου

167 1590 564 1674 καλεομένου
609 1585 1114 1676 ὀχλωΙδέστερον
1160 1586 1233 1652 έν
1267 1598 1346 1673 τῇ
1387 1590 1633 1674 ἰητρείῃ
1682 1588 1864 1654 ἐστὶν
1900 1588 2010 1655 καὶ
2055 1614 2168 1654 κα-
2186 1601 2292 1651 480

167 1698 466 1774 τατάσιος
515 1700 765 1777 μᾶλλον
813 1696 1149 1777 δεόμενον,
1195 1694 1305 1759 καὶ
1351 1693 1437 1777 ἢν
1483 1697 1570 1779 μὴ
1618 1695 1841 1781 ὀρθῶς
1876 1696 1956 1759 τὰ
1995 1695 2189 1761 ὀστέα

168 1809 351 1888 τεθῇ,
412 1802 756 1868 ἀδύνατον
818 1802 1082 1887 κρύψαι.
1173 1803 1469 1886 φανερὸν
1534 1803 1660 1887 γὰρ
1725 1800 1833 1866 καὶ
1895 1803 2188 1886 ἄσαρκον
2216 1823 2266 1865 15

172 1918 296 1975 πᾶν
348 1908 559 1975 ἐστιν·
614 1906 723 1974 καὶ
772 1907 1139 1992 ἐπιβαίνειν
1195 1906 1302 1973 ἐπὶ
1347 1909 1421 1975 τὸ
1478 1907 1708 1986 σκέλος
1757 1912 1981 1996 πολλῷ
2028 1911 2190 1994 βρα-

173 2016 449 2102 δύτερον
488 2013 784 2080 δύναιντ’
833 2014 920 2080 ἂν
953 2016 1194 2080 τούτου
1233 2015 1645 2098 καταγέντος.
1718 2016 1805 2100 ἢν
1846 2011 1920 2080 δὲ
1954 2015 2028 2079 τὸ
2067 2012 2187 2092 ἔξω

180 2121 404 2187 ὀστέον
448 2132 721 2208 καταγῇ,
767 2124 940 2186 πολὺ
986 2118 1109 2203 μὲν
1154 2122 1620 2208 εὐφορώτερον
1666 2121 1970 2208 φέρουσι,
2016 2124 2189 2186 πολὺ

177 2225 244 2293 δὲ
288 2231 849 2313 εὐκρυπτότερον,
894 2226 1004 2293 καὶ
1064 2229 1147 2312 ἢν
1191 2230 1278 2312 μὴ
1325 2233 1538 2305 καλῶς
1584 2236 1877 2315 συντεθῇ
1920 2267 2003 2275 -
2052 2227 2190 2292 ε’πί-

173 2351 416 2420 σαρκον
475 2336 601 2420 γάρ
650 2334 832 2400 ἐστιν
881 2373 956 2381 —
1011 2333 1115 2399 έπὶ
1170 2336 1383 2411 πόδας
1435 2359 1505 2400 τε
1559 2335 1803 2420 ταχέως
1861 2336 2187 2400 ἵστανται·
2217 2358 2269 2397 20

173 2444 241 2506 τὸ
283 2446 599 2508 πλεῖστον
644 2443 769 2527 γὰρ
815 2450 936 2506 τοῦ
984 2443 1226 2526 ἄχθεος
1272 2441 1412 2525 ὀχεῖ
1445 2443 1519 2505 τὸ
1559 2444 1816 2506 ἔσωθεν
1852 2449 1969 2506 τοῦ
2010 2440 2190 2504 ἀντι-

172 2552 450 2632 κνημίου
497 2547 746 2613 ὀστέον.
819 2548 950 2632 ἅμα
995 2543 1117 2632 μὲν
1164 2549 1290 2632 γὰρ
1339 2547 1517 2636 αὐτῷ
1564 2555 1655 2635 τῷ
1704 2547 1917 2612 σκέλει
1964 2544 2071 2611 καὶ
2109 2555 2189 2632 τῇ

176 2655 457 2742 ἰθυωρίῃ
518 2664 638 2719 τοῦ
699 2655 941 2738 ἄχθεος
998 2663 1120 2718 τοῦ
1180 2656 1346 2719 κατὰ
1402 2655 1477 2719 τὸ
1536 2653 1766 2731 σκέλος
1826 2655 1900 2719 τὸ
1957 2658 2191 2718 πλεῖον

175 2762 297 2846 ἔχει
346 2771 470 2827 τοῦ
515 2764 729 2826 πόνου
776 2761 849 2825 τὸ
897 2763 1023 2825 ἔσω
1080 2760 1336 2825 ὀστέον·
1392 2769 1513 2825 τοῦ
1559 2761 1685 2846 γὰρ
1741 2769 1955 2846 μηροῦ
2002 2761 2043 2843 ἡ
2089 2783 2193 2825 κε-

311 2960 343 3006 2
386 2952 666 3026 ὀρρωδέῃς
702 2953 859 3007 codd.
1008 2958 1039 3005 3
1086 2937 1419 3021 εὐθετησάμ.
1451 2951 1516 3018 V,
1565 2952 1883 3022 εὐθετισαμ.
1922 2953 1983 3019 Β,
2029 2952 2191 3007 εὐθε-

173 3024 363 3094 τησοὶμ.
395 3028 496 3080 oet.
635 3031 670 3077 4
697 3023 937 3095 κατεήγῃ
968 3023 1179 3092 scripsi,
1212 3032 1345 3093 -ηγῆ
1365 3023 1427 3089 Β,
1467 3032 1631 3094 -εαγῆ
1659 3022 1780 3075 MV
1916 3031 1946 3077 6
1984 3025 2021 3077 ἀ
2023 3024 2193 3095 μ-βλα

178 3096 358 3151 κεύειν
386 3096 448 3163 Β,
489 3092 562 3150 αὖ
591 3097 671 3168 βλ.
701 3095 801 3149 Ilb.
878 3098 1009 3148 ante
1037 3093 1159 3164 μάλ.
1192 3094 1321 3148 add.
1352 3095 1449 3148 καὶ
1475 3094 1622 3148 Erm.
1700 3099 1730 3146 7
1761 3093 1998 3162 ἔφικνέε
2030 3096 2189 3149 codd

273 3171 306 3218 8
336 3168 425 3221 ἀεὶ
451 3167 503 3221 V
613 3171 695 3220 10.
729 3172 866 3235 11η
846 3165 968 3221 δὲ
1006 3165 1139 3234 ἄλλη
1217 3209 1227 3219 .
1262 3209 1271 3219 .
1305 3165 1447 3232 αὐτή
1483 3183 1587 3219 om.
1617 3166 1706 3230 13¹,
1747 3166 1922 3220 adscr
1952 3166 1988 3218 i.
2018 3185 2089 3219 m.
2119 3166 2193 3219 B²

246 3236 427 3307 ἰητρίη
457 3238 502 3291 Β
539 3239 605 3291 ut
641 3238 871 3327 saepius
941 3243 1006 3291 13
1047 3186 1160 3291 ἐστί
1195 3237 1317 3292 MV
1399 3242 1465 3290 16
1504 3236 1615 3291 ἔστι
1652 3208 1772 3290 MV
1855 3242 2019 3291 16.17
2061 3239 2193 3307 βρα-

180 3308 381 3376 δύτερα
417 3309 537 3364 MV
645 3305 871 3365 δύναιτ’
911 3308 963 3363 V
1078 3307 1307 3362 τουτέου
1355 3307 1513 3362 codd.
1624 3305 1956 3377 κατηγέντος
1990 3308 2036 3360 Β
2075 3324 2192 3360 cor-

180 3379 310 3444 rexi,
348 3379 710 3469 κατεηγέντος
744 3379 828 3444 Μ,
867 3398 1034 3448 κατεη
1037 3376 1199 3468 γότος
1234 3378 1287 3432 V
1409 3384 1475 3431 18
1512 3397 1680 3466 κατεη
1683 3378 1908 3448 ynMV
2013 3377 2190 3431 πουλυ

179 3447 296 3503 MV
331 3450 420 3504 bis
528 3457 592 3505 19
633 3448 692 3507 δ’
725 3422 845 3504 MV
952 3399 1117 3504 καὶ”
1086 3471 1158 3517 ην
1192 3451 1331 3503 mut.
1369 3449 1444 3501 Β8
1478 3449 1539 3501 in
1575 3399 1750 3516 κῖἣνγἠ
1790 3449 1938 3513 ξυντ.
1977 3447 2095 3500 MV

183 3523 248 3572 20
286 3521 397 3575 ἐστι
433 3521 492 3574 Μ
613 3527 678 3575 21
719 3520 996 3593 ἀχθέντος
1031 3521 1150 3575 MV
1260 3518 1405 3590 ὀχέει
1444 3518 1602 3572 codd.
1714 3517 1810 3572 εἴσ.
1850 3519 1896 3571 Β
