2588 3876
889 146 1063 196 ΠΕΡΙ
1095 144 1352 197 ΑΓΜΩΝ
1389 148 1473 197 32.
1503 148 1570 197 33
2155 144 2237 209 97

349 303 456 368 32.
489 302 628 369 Ἢν
673 301 796 389 μὲν
841 300 968 371 οὖν
1013 304 1299 391 ἐμβάλῃς
1340 307 1420 371 τὰ
1465 304 1658 371 ὀστέα
1703 305 1772 383 ἐς
1814 308 1936 391 τὴν
1977 304 2242 382 ἑωυτῶν

201 411 464 502 χώρην,
509 412 920 497 γεγράφαται
965 414 1093 496 ἤδη
1149 414 1215 478 οἱ
1267 416 1530 498 τρόποι,
1561 412 1673 489 -ὡς
1725 414 1847 499 χρὴ
1896 415 2242 500 ἰητρεύειν,

198 519 304 601 ἤν
348 540 421 582 τε
458 516 717 604 ἐλπίζῃς
761 518 954 585 ὀστέα
974 518 1511 604 ἀποστήσεσθαι,
1555 521 1641 603 ἤν
1681 543 1759 585 τε
1803 521 1910 604 μή.
1999 523 2121 606 χρὴ
2168 517 2244 587 δὲ

200 625 329 689 καὶ
376 623 462 707 ἣν
516 621 641 708 μὲν
712 624 971 711 ἐλπίζῃς
1032 625 1226 692 ὀστέα
1284 624 1809 710 ἀποστήσεσθαι,
1872 634 1964 714 τῷ
2021 629 2241 715 τρόπῳ

202 741 357 796 τῶν
410 730 707 797 ὀθονίων
761 732 866 797 ἐπὶ
920 743 1083 798 πᾶσι
1134 742 1310 799 τοῖσι
1362 734 1725 798 τοιούτοισι
1769 734 1892 817 τὴν
1947 732 2243 799 ἐπίδεσιν
2297 761 2320 802 5

206 844 564 903 ποιεῖσθαι
609 837 681 903 ἐκ
699 924 705 932 ‚
726 838 932 920 μέσον
978 849 1098 905 τοῦ
1141 840 1425 905 ὀθονίου
1472 838 1842 926 ἀρχόμενον
1890 841 1979 917 ὡς
2025 839 2133 906 ἐπὶ
2166 842 2242 906 τὸ

207 944 418 1028 πολύ,
473 946 562 1022 ὡς
604 945 735 1027 ἀπὸ
783 946 908 1011 δύο
964 944 1218 1031 ἀρχέων
1260 946 1625 1030 ὑποὸεσμὶς
1677 945 2011 1012 ἐπιδεῖται.
2101 970 2242 1012 τεκ-

210 1054 582 1137 μαίρεσθαι
628 1048 702 1117 δὲ
746 1055 869 1138 χρὴ
914 1054 1081 1139 πρὸς
1122 1054 1245 1137 τὴν
1288 1055 1559 1139 μορφὴν
1601 1061 1722 1118 τοῦ
1769 1051 2019 1137 ἕλκεος,
2067 1053 2243 1131 ὅπως

209 1160 457 1242 ἥκιστα
519 1160 796 1245 σεσηρὸς
855 1160 967 1225 καὶ
1040 1157 1559 1243 ἐκπεπλιγμένον
1623 1162 1804 1224 ἔσται
1875 1159 2051 1244 παρὰ
2121 1160 2244 1243 τὴν

214 1266 548 1331 ἐπίδεσιν·
592 1275 810 1331 τοῖσιν
852 1262 976 1350 μὲν
1021 1267 1147 1352 γὰρ
1194 1265 1302 1330 ἐπὶ
1343 1265 1522 1345 δεξιὰ
1559 1265 1814 1331 ἐπιδεῖν
1852 1268 2243 1351 συντρόφως
2271 1295 2324 1335 10

212 1375 379 1457 ἔχει,
421 1383 596 1438 τοῖσι
641 1369 717 1437 δὲ
761 1370 857 1437 ἐπ’
905 1371 1235 1459 ἀριστερά,
1285 1383 1461 1438 τοῖσι
1506 1369 1580 1437 δὲ
1624 1371 1752 1437 ἀπὸ
1800 1373 1925 1437 δύο
1972 1371 2241 1458 ἀρχέων.

361 1478 461 1543 33.
517 1478 762 1544 Ὁπόσα
807 1475 881 1545 δὲ
925 1480 1357 1564 κατηπορήθη
1413 1477 1606 1543 ὀστέα
1660 1479 1986 1563 ἐμπεσεῖν,
2038 1487 2243 1544 ταῦτα

214 1585 392 1650 αὐτὰ
437 1584 684 1650 εἰδέναι
729 1586 851 1671 χρὴ
900 1585 1002 1651 ὅτι
1048 1585 1486 1668 ἀποστήσεται
1521 1586 1631 1649 καὶ
1678 1585 1802 1650 ὅσα
1833 1584 2067 1662 τελέως
2102 1584 2243 1663 ἐψι-

215 1693 411 1775 λώθη
466 1702 601 1758 τῶν
660 1702 940 1778 σαρκῶν.
1030 1696 1344 1771 ψιλοῦται
1403 1688 1478 1756 δὲ
1536 1690 1760 1757 ἐνίων·
1790 1687 1914 1775 μὲν
1970 1692 2044 1756 τὸ
2104 1693 2241 1756 ἅνω

216 1798 438 1885 μέρος,
510 1797 941 1886 μετεξετέρων
1014 1794 1089 1863 δὲ
1159 1801 1498 1864 κυκλόθεν
1577 1796 2104 1884 περνθνῄσκουσι
2176 1799 2244 1862 αὶ
2271 1827 2323 1868 15

218 1906 486 1992 σάρκες·
549 1906 657 1971 καὶ
710 1916 849 1972 τῶν
898 1902 1021 1991 μὲν
1074 1905 1201 1972 ἀπὸ
1254 1915 1376 1972 τοῦ
1423 1904 1701 1992 ἀρχαίου
1756 1905 2094 1990 τρώματος
2140 1920 2243 1970 σε-

218 2014 574 2099 σάπρισται
628 2015 775 2078 ἔνια
817 2023 953 2078 τῶν
1005 2011 1273 2097 ὀστέων,
1328 2023 1463 2077 τῶν
1508 2010 1570 2077 δ’
1614 2013 1716 2096 οὔ,
1768 2011 1878 2077 καὶ
1931 2021 2067 2077 τῶν
2120 2007 2244 2095 μὲν

218 2123 500 2204 μᾶλλον,
543 2129 679 2184 τῶν
725 2115 799 2184 δὲ
843 2114 1075 2203 ἧσσον,
1118 2120 1228 2184 καὶ
1273 2120 1354 2184 τὰ
1399 2116 1523 2203 μὲν
1567 2119 1835 2205 σμικρά,
1889 2120 1969 2183 τὰ
2014 2114 2089 2183 δὲ
2133 2143 2244 2203 με-

217 2227 410 2311 γάλα.
502 2227 612 2291 διὰ
659 2221 785 2292 οὖν
829 2234 1035 2290 ταῦτα
1077 2227 1158 2291 τά
1202 2225 1515 2312 εἰρημένα
1560 2225 1684 2291 οὐκ
1729 2228 1910 2290 ἔστιν
1955 2224 2052 2290 ἑνὶ
2094 2226 2244 2291 ὀνό-

217 2355 377 2418 ματι
423 2334 654 2416 εἰπεῖν,
700 2332 899 2398 ὁπότε
942 2333 1022 2397 τὰ
1067 2331 1261 2397 ὀστέα
1306 2330 1772 2415 ἀποστήσεται·
1826 2333 1906 2396 τὰ
1950 2328 2072 2412 μὲν
2116 2333 2242 2415 γὰρ
2272 2360 2324 2400 20

219 2440 338 2504 διὰ
383 2441 800 2525 σμικρότητα,
846 2440 926 2503 τὰ
973 2435 1046 2503 δὲ
1093 2439 1205 2503 διὰ
1239 2439 1315 2503 τὸ
1363 2436 1460 2504 ἐπ’
1507 2439 1715 2524 ἄκρου
1761 2439 2031 2521 ἔχεσθαι
2076 2443 2243 2502 θᾶσ-

220 2562 351 2610 σον
397 2544 775 2629 ἀφίσταται·
820 2547 901 2610 τὰ
947 2541 1022 2610 δὲ
1069 2547 1179 2610 διὰ
1212 2546 1288 2611 τὸ
1325 2546 1414 2629 μὴ
1453 2544 1884 2629 ἀφίστασθαι,
1930 2541 2096 2608 ἀλλὰ
2141 2548 2245 2608 λε-

214 2653 591 2717 πιδοῦσθαι
635 2650 1212 2736 καταξηρανθέντα
1254 2652 1365 2716 καὶ
1413 2652 1630 2736 σαπρὰ
1674 2652 2025 2734 γενόμενα·
2080 2650 2244 2734 πρὸς

368 2779 401 2826 2
455 2773 804 2897 yquoitpocvoct
838 2772 936 2840 B¹,
986 2773 1471 2841 mub.in-q>8voe1-
1505 2771 1580 2825 B³
1679 2771 1810 2835 οἱως
1843 2787 1944 2840 pro
1982 2771 2056 2835 ὡς
2090 2771 2136 2823 Β

221 2849 254 2896 3
307 2840 360 2897 τ’
411 2842 471 2896 M
709 2849 743 2898 4
797 2841 1217 2911 ἀποστήσεσθαί
1259 2862 1337 2916 τῳ
1390 2863 1455 2911 τρ
1460 2885 1503 2910 .,
1554 2862 1600 2896 τ.
1642 2841 1687 2896 ὀ.
1783 2885 1794 2895 .
1837 2884 1847 2895 .
1894 2861 1941 2897 τ.
1990 2840 2133 2897 ἐπίδ.
2183 2860 2239 2896 π.

218 2913 352 2968 Wb.
519 2920 550 2968 5
600 2912 928 2969 τοιουτέοισι
972 2914 1093 2969 MV
1254 2920 1286 2967 6
1302 2896 1632 2969 ποιέεσθαι
1669 2913 1827 2968 codd.
1984 2918 2015 2966 '7
2063 2916 2243 2969 πουλν

216 2985 346 3039 ΜῪ
473 2985 564 3039 ἐπὶ
597 3003 699 3055 pro
737 2987 850 3041 ἀπὸ
887 2985 1007 3040 MV
1239 2983 1380 3040 αίων
1417 2985 1470 3039 V
1593 2982 1803 3040 ὑπόὸεσ
1805 3004 1895 3053 μις
1929 2983 1981 3037 V
2104 2986 2244 3041 ὑπο-

219 3061 407 3113 δεῖται
442 3056 562 3111 ΜῪ
677 3062 710 3110 8
749 3056 811 3112 δὲ
840 3074 944 3111 om.
975 3057 1065 3123 131,
1105 2987 1279 3110 addi
1263 3056 1300 3110 i.
1328 3074 1400 3112 m.
1430 3055 1505 3109 13²
1613 3075 1753 3120 οκως
1780 3054 1900 3108 MV
2017 3062 2047 3109 9
2087 3073 2243 3126 σεση-

218 3129 335 3197 ρώς
369 3127 431 3180 Μ
538 3127 986 3200 ἐκπεπληχμένον
1022 3099 2241 3198 ΒΜῪ,-ηπλγηγμ,πι13.,-πλιγμ,ᾙὶᾐὺ.οἲ.

219 3216 264 3252 s.
308 3216 354 3252 c.
386 3204 455 3252 25
601 3204 668 3252 10
703 3209 846 3254 τοῖσι
883 3198 982 3269 μὲν
1019 3198 1140 3252 MV
1223 3197 1331 3268 γὰρ
1369 3215 1473 3252 om.
1503 3199 1667 3266 Bosq.
1741 3198 2055 3267 ξύντροφον
2094 3199 2245 3254 ἔσται

216 3269 345 3323 ΜῪ
476 3275 540 3323 12
572 3267 684 3325 Ὁκ.
715 3270 834 3325 ΜῪ
961 3275 1026 3324 13
1065 3269 1209 3323 αὐτὰ
1237 3286 1343 3323 om.
1372 3269 1418 3322 Β
1548 3275 1614 3323 15
1642 3268 1931 3324 κύκλωθεν
1960 3269 2019 3322 Μ
2088 3288 2243 3336 περι-

216 3361 561 3431 ιθνισκονσίν
596 3376 658 3443 Β,
697 3398 731 3432 ν
769 3393 838 3430 ss
868 3374 958 3443 B²‚
996 3376 1488 3446 ἀμφιθνήσκουσιν
1526 3374 1646 3428 ΜῪ
1781 3380 1846 3428 16
1886 3357 2243 3441 σεσαστρισιόιι

217 3447 287 3514 Β,
326 3465 359 3500 σ
397 3464 470 3500 ss.
499 3447 573 3500 13²
735 3452 800 3501 18
846 3445 904 3502 δ’
947 3447 1131 3517 priore
1166 3447 1290 3501 loco
1328 3446 1449 3500 MV
1612 3450 1676 3498 19
1724 3443 1877 3514 ὀνόμ.
1918 3445 2001 3500 ἑνὶ
2038 3444 2089 3497 Ὺ

219 3523 294 3571 20
342 3516 505 3572 ὁκότε
530 3518 660 3595 'MV
803 3522 868 3571 21
908 3538 1054 3588 μικρ.
1092 3518 1207 3571 ΒΜ

330 3617 672 3658 Hmrocmns
699 3618 760 3658 H.
1342 3625 1346 3628 ’
1895 3607 1924 3652 7
