2588 3876
902 150 1077 200 ΠΕΡΙ
1111 148 1368 202 ΑΓΜΩΝ
1406 153 1490 202 36.
1521 152 1588 201 37
2134 148 2255 210 101

225 306 306 374 δὲ
355 309 689 395 ἀπύρετος
733 302 806 397 ᾗ,
870 308 1030 376 ἑπτὰ
1080 309 1345 395 ἡμέρας.
1433 308 1658 375 ἔπέιτα
1710 308 1783 376 ἐκ
1828 320 2262 396 προσαγωγῆς

221 418 400 482 κατὰ
452 419 665 500 λόγον
721 415 789 493 ἐς
844 418 1110 501 φαύλην
1166 418 1427 482 δίαιταν
1483 419 1692 501 ἄγειν.
1747 415 1888 482 ’καὶ
1942 407 2121 481 οἶσιν
2178 414 2263 481 ἂν

226 525 321 608 μὴ
372 521 677 610 ἐμβληθῇ
721 524 803 588 τὰ
849 522 1063 608 ὀστέα,
1108 522 1218 589 καὶ
1263 525 1386 608 τὴν
1432 526 1846 610 φαρμακείην
1880 525 2004 609 χρὴ
2039 523 2263 588 τοιαύ-

226 654 363 713 την
423 637 769 695 ποιεῖσθαι
821 629 933 695 καὶ
986 642 1122 696 τῶν
1175 629 1421 696 ἑλκέων
1471 633 1593 715 τὴν
1647 629 1925 716 μελέτην
1976 628 2088 695 καὶ
2139 631 2263 714 τὴν

231 737 504 802 δίαιταν
522 755 538 771 ·
599 736 909 813 ὡσαύτως
964 735 1078 801 καὶ
1135 738 1211 802 τὸ
1271 736 1729 821 ἀπορεύμενον
1785 744 1905 802 τοῦ
1955 738 2263 820 σώματος
2315 760 2340 802 ⁶

230 845 326 927 μὴ
384 846 809 927 κατατείνειν,
875 842 1042 910 ἀλλὰ
1094 843 1459 929 προσάγειν
1512 849 1785 929 μᾶλλον,
1844 845 2011 909 ὥστε
2068 848 2263 927 χαλα-

233 951 534 1036 ρώτερον
562 945 734 1015 εἶναι
759 951 836 1015 τὸ
864 952 1030 1015 κατὰ
1063 952 1138 1015 τὸ
1178 950 1383 1027 ἕλκος.
1456 962 1592 1016 τῶν
1628 947 1703 1014 δὲ
1741 950 1989 1015 ὀστέων
2023 949 2065 1032 ἡ
2103 949 2263 1015 ἀπό-

234 1073 468 1133 στασις
520 1060 784 1142 χρονίη,
844 1058 1063 1144 ὥσπερ
1109 1056 1220 1122 καὶ
1265 1060 1570 1143 πρόσθεν
1625 1064 1894 1142 εἴρηται.
1986 1056 2265 1141 μάλιστα

235 1160 317 1229 δὲ
388 1165 510 1248 χρὴ
581 1164 663 1228 τὰ
733 1172 1006 1230 τοιαῦτα
1077 1165 1459 1248 διαφυγεῖν,
1541 1166 1674 1249 ἅμα
1736 1166 1820 1248 ἥν
1882 1186 1983 1239 τις
2055 1163 2263 1245 καλὴν

234 1270 472 1354 φυγὴν
517 1272 658 1356 ἔχῃ·
715 1271 790 1335 αἳ
828 1293 898 1335 τε
943 1271 1069 1354 γὰρ
1118 1269 1380 1348 ἐλπίδες
1425 1270 1644 1354 ὀλίγαι
1688 1269 1799 1335 καὶ
1845 1271 1911 1335 οἱ
1955 1269 2263 1334 κίνδυνοι
2291 1296 2344 1336 ιο

232 1380 505 1441 πολλοί·
551 1375 662 1441 καὶ
708 1378 795 1461 μὴ
841 1375 1147 1461 ἐμβαλὼν
1192 1378 1462 1461 ἄτεχνος
1506 1376 1591 1441 ἄν
1638 1376 1860 1442 δοκέοι
1907 1371 2106 1459 εἶναι,
2151 1372 2261 1440 καὶ

234 1480 549 1566 ἐμβαλὼν
592 1481 679 1548 ἂν
723 1481 1052 1569 ἐγγυτέρω
1098 1484 1402 1548 θανάτου
1449 1483 1689 1567 ἀγάγοι
1733 1483 1774 1567 ἢ
1821 1487 2161 1569 σωτηρίης.

376 1587 478 1652 37.
551 1591 644 1653 Τὰ
701 1585 777 1655 δὲ
842 1590 1258 1674 ὀλισθήματα
1316 1592 1396 1654 τὰ
1457 1591 1621 1654 κατὰ
1674 1591 1967 1673 γούνατα
2018 1588 2129 1654 καὶ
2183 1590 2263 1653 τὰ

236 1697 679 1779 διακινήματα
734 1706 869 1761 τῶν
924 1696 1171 1761 ὀστέων
1231 1694 1635 1781 εὐηθέστερα
1688 1697 1860 1760 πολὺ
1913 1706 2048 1760 τῶν
2098 1696 2264 1760 κατὰ

234 1803 508 1885 ἀγκῶνα
560 1803 938 1886 κινημάτων
992 1801 1103 1869 καὶ
1160 1801 1673 1887 ὀλισθημάτων·4
1716 1804 1792 1867 τό
1845 1825 1916 1867 τε
1970 1802 2097 1885 γὰρ
2148 1802 2262 1886 ἄρ·
2289 1826 2341 1867 15

231 1916 418 1996 θρον
470 1918 593 1974 τοῦ
648 1918 862 1995 μηροῦ
921 1908 1431 1997 εὐσταλέστερον
1476 1910 1565 1987 ὡς
1608 1907 1717 1974 ἐπὶ
1762 1916 1853 1996 τῷ
1908 1906 2175 1993 μεγέθει
2219 1906 2261 1991 ἢ

233 2019 314 2082 τὸ
361 2026 483 2081 τοῦ
531 2019 885 2101 βραχίονος
930 2015 1039 2081 καὶ
1087 2018 1352 2100 δικαίην
1400 2018 1611 2101 φύσιν
1654 2025 1912 2100 μοῦνον
1956 2018 2110 2100 ἔχον
2152 2013 2262 2080 καὶ

236 2123 493 2205 ταύτην
538 2122 921 2208 περιφερέα·
982 2124 1058 2188 τὸ
1106 2120 1180 2188 δὲ
1225 2132 1346 2189 τοῦ
1393 2126 1747 2209 βραχίονος
1792 2125 2053 2210 ἄρθρον
2098 2121 2263 2207 μέγα

234 2253 310 2294 τε
354 2229 465 2294 καὶ
521 2230 860 2313 βαθμίδας
913 2233 1224 2306 πλειόνας
1277 2227 1449 2315 ἔχον.
1539 2232 1706 2316 πρὸς
1752 2226 1827 2294 δὲ
1880 2231 2140 2305 τούτοις
2182 2230 2264 2293 τὰ

233 2336 364 2421 μὲν
421 2344 539 2419 τῆς
594 2338 845 2419 κνήμης
907 2334 1101 2401 ὀστέα
1158 2338 1581 2421 παραπλήσια
1643 2338 1847 2420 μῆκός
1909 2334 2090 2401 ἐστιν
2151 2333 2260 2400 καὶ
2290 2362 2342 2401 20

235 2445 525 2528 σμικρόν
577 2464 643 2506 τι
698 2442 821 2507 οὐκ
877 2440 1064 2519 ἄξιον
1116 2445 1324 2526 λόγου
1379 2444 1453 2508 τὸ
1499 2441 1620 2519 ἔξω
1676 2441 1908 2508 ὀστέον
1960 2440 2261 2526 ὑπερέχει

236 2546 520 2624 οὐδενὸς
557 2548 846 2632 μεγάλου
883 2550 1155 2632 κώλυμα
1198 2547 1335 2633 ἐόν,
1376 2547 1384 2636 Ι
1427 2548 1541 2633 ἀφ’
1589 2543 1670 2613 οὗ
1715 2547 2012 2632 πέφυκεν
2048 2547 2084 2613 ὁ
2124 2545 2242 2625 ἔξω
2264 2563 2366 2612 542

234 2653 450 2719 τένων
505 2654 541 2720 ὁ
596 2655 773 2740 παρὰ
827 2657 948 2739 τὴν
1004 2655 1268 2739 ἰγνύην·
1332 2657 1412 2721 τὰ
1466 2652 1541 2719 δὲ
1594 2663 1714 2719 τοῦ
1777 2656 2016 2739 πήχεος
2070 2651 2263 2718 ὀστέα

387 2837 413 2882 1
452 2830 686 2898 -ἀπυρος
734 2829 780 2883 Β
902 2829 1167 2901 ἡμέρῃσιν
1218 2829 1408 2897 codd„
1460 2829 1656 2898 scripsi
1706 2850 1802 2892 -ας
1962 2834 1994 2881 2
2047 2828 2104 2891 ἐς
2154 2846 2257 2881 om.

233 2899 362 2953 MV
471 2905 502 2952 3
542 2902 725 2972 βληθῇ
764 2900 884 2954 MV
1008 2906 1042 2953 4
1078 2899 1377 2955 ποιέεσθαι
1415 2901 1574 2954 codd.
1721 2905 1752 2953 5
1791 2899 2092 2969 distinguit
2129 2902 2260 2953 ante

235 2972 332 3025 ὡσ.
386 2970 521 3025 Litt.
625 2972 817 3042 ἀπαι(ε
845 2972 1122 3041 Μ)ωρεύμ.
1162 2971 1282 3027 MV
1426 2977 1458 3025 6
1495 2972 1625 3042 post
1660 2970 1797 3025 ἀλλὰ
1835 2970 1962 3023 add.
2001 2971 2098 3024 καὶ
2133 2987 2261 3039 rec„

236 3113 349 3149 om.
386 3094 565 3148 BMV
710 3100 739 3148 7
786 3095 825 3184 ἡ
860 3113 965 3150 om.
1004 3095 1125 3149 MV
1267 3100 1315 3150 9.
1350 3101 1417 3149 10
1459 3117 1574 3165 αμα
1611 3117 1683 3165 ην
1717 3115 1803 3157 τις
1837 3042 2259 3165 καλειῖὴεῖιᾴγπέῗν

236 3167 338 3236 ἔχη
376 3165 439 3233 Β,
480 3184 548 3220 ss,
578 3166 667 3233 B³‚
705 3168 804 3220 ἀλλ
859 3165 931 3234 ἥν
966 3187 1051 3231 τις
1086 3167 1262 3236 καλὴν
1302 3168 1397 3238 ἔχῃ
1432 3168 1535 3237 τὴν
1572 3166 1876 3236 ἀποφυγὴν
1904 3169 2153 3237 (-φνγειν
2181 3167 2260 3235 Μ)

234 3237 360 3292 MV
509 3243 575 3291 11
626 3237 909 3308 ἐμβάλλων
952 3238 1040 3292 bis
1086 3238 1207 3291 MV
1353 3244 1418 3291 12
1467 3247 1567 3293 τοῦ
1614 3240 1745 3292 ante
1790 3241 1926 3293 θαν.
1975 3238 2102 3290 add.
2141 3237 2261 3290 MV

383 3308 620 3363 θανάτω
649 3308 712 3375 ΙΒ
807 3309 982 3364 αὐτὸν
1029 3312 1160 3363 ante
1205 3313 1341 3365 θαν.
1382 3310 1511 3362 add.
1552 3309 1672 3364 Gal.
1705 3309 1749 3362 ί.
1788 3311 1829 3362 t.
1978 3314 2045 3361 14
2081 3307 2259 3361 πουλὺ

234 3380 301 3433 M
375 3376 502 3434 κατ’
544 3379 666 3433 MV
811 3385 875 3434 15
914 3378 1124 3449 ἀρθίον
1160 3381 1220 3433 Μ
1366 3386 1433 3434 16
1477 3385 1557 3453 τῷ
1586 3396 1691 3433 om.
1731 3379 1852 3434 MV
1998 3383 2062 3431 18
2102 3375 2260 3444 φέρει
2312 3414 2314 3416 -

232 3452 329 3519 B1,
381 3453 519 3575 IMUV
562 3451 623 3503 in
667 3449 972 3519 περιφερέα
1017 3450 1092 3503 13³
1232 3457 1315 3505 ,20
1368 3467 1538 3520 supra,
1588 3458 1760 3521 μῆκος
1809 3467 1878 3503 ss.
1926 3447 2070 3502 κατὰ
2115 3446 2189 3496 Β3

235 3523 354 3577 ἐστι
1785 3546 1788 3551 -
1919 3549 1952 3556 w
2239 3534 2245 3538 ·
2307 3527 2314 3531 ’
