2588 3876
354 150 443 214 90
1026 153 1201 203 ΠΕΡΙ
1233 151 1489 204 Armet<
1526 156 1609 204 29.
1642 154 1709 204 30

355 311 441 395 ἣν
497 309 619 396 μὲν
676 312 716 396 ἡ
777 313 914 397 ὥρη
974 314 1214 398 θερινὴ
1272 304 1342 399 ᾗ,
1407 310 1773 397 ε’πιτέγγειν
1834 320 1925 401 τῷ
1991 319 2152 401 οἴνῳ
2218 314 2387 390 τοὺς

356 422 649 502 σπλῆνας
685 419 924 503 πυκνά,
970 418 1055 502 ἢν
1097 416 1170 484 δὲ
1215 421 1550 504 χειμερινὴ
1587 419 1627 503 ἡ
1667 421 1805 504 ὥρη
1843 412 1906 507 ᾗ,
1952 420 2128 506 εἰρία
2163 421 2386 486 πολλὰ

357 524 619 610 ῥυπαρὰ
656 524 1084 610 νενοτισμένα
1119 531 1279 613 οἴνῳ
1318 524 1428 590 καὶ
1465 524 1662 614 έλαίω
1701 525 2078 592 ἐπικείσθω.
2145 525 2385 610 ῑξαλῆν

356 630 398 695 δ
401 627 432 695 ὲ
483 633 606 716 χρὴ
666 630 906 715 [αἰγὸς]
964 631 1414 697 ὑποτετάσθαι
1477 630 1587 697 καὶ
1653 632 2075 719 εὐαπόρρυτα
2138 643 2388 717 ποιεῖν,

303 766 327 807 5
357 738 785 821 φυλάσσοντα
828 740 986 816 τοὺς
1029 739 1426 825 ὑπορρόους,
1473 737 1890 824 μεμνημένον
1937 739 2038 805 ὅτι
2075 741 2141 804 01
2185 742 2387 806 τόποι

357 839 543 909 οὗτοι
607 842 681 909 ἐν
738 855 911 910 τοῖσι
970 844 1231 911 αὐτοῖσι
1289 848 1574 929 σχήμασι
1630 846 1883 911 πολλὸν
1940 849 2190 931 χρόνον
2248 869 2390 911 κει-

356 948 615 1034 μένοισι
661 950 1061 1036 ἐκτρίμματα
1105 952 1478 1017 δυσᾶκεστα
1520 950 1883 1018 ποιέουσιν.

489 1057 593 1122 30.
637 1055 877 1135 Ὅσους
936 1055 1009 1123 δὲ
1063 1059 1151 1142 μὴ
1213 1050 1363 1124 οἷόν
1416 1081 1487 1123 τε
1539 1057 1828 1124 ἑπιδέσει
1889 1059 2207 1142 ἰήσασθαι
2269 1058 2390 1124 διὰ

355 1165 611 1229 τούτων
672 1176 807 1230 τῶν
870 1163 1234 1249 εἰρημένων
1290 1167 1558 1249 τρόπων
1616 1163 1657 1248 ἢ
1714 1176 1850 1230 τῶν
1912 1163 2389 1250 εἰρησομένων,

275 1301 330 1341 10
356 1272 637 1348 τούτους
693 1269 845 1356 περὶ
902 1270 1185 1348 πλέονος
1240 1272 1366 1356 χρὴ
1423 1277 1797 1356 ποιεῖσθαι,
1853 1272 2030 1348 ὅπως
2087 1269 2391 1349 εὐθέτως

358 1380 678 1461 σχήσουσι
741 1378 815 1441 τὸ
887 1378 1202 1461 κατεηγὸς
1265 1386 1386 1442 τοῦ
1462 1378 1761 1461 σώματος
1833 1375 1969 1443 κατ’
2044 1380 2390 1463 ἰθυωρίην

355 1481 765 1568 προσέχοντα
807 1484 927 1549 τὸν
948 1545 949 1548 ,
970 1487 1135 1550 νόον
1180 1483 1292 1549 καὶ
1337 1492 1428 1571 τῷ
1466 1483 1772 1569 ἀνωτέρω
1811 1480 1885 1549 δὲ
1920 1488 2174 1569 μᾶλλον
2208 1484 2252 1568 ἢ
2289 1493 2389 1572 τῷ

356 1588 714 1674 κατωτέρω.
804 1592 868 1655 εἰ
910 1588 990 1655 δέ
1028 1614 1129 1668 τις
1172 1589 1401 1675 μέλλοι
1446 1594 1660 1668 καλῶς
1703 1589 1813 1656 καὶ
1860 1590 2143 1678 εὐχερῶς
2187 1590 2387 1676 ἐργά-

359 1700 616 1780 ζεσθαι,
672 1694 859 1774 ἄξιον
902 1695 1013 1761 καὶ
1058 1721 1143 1780 μη
1148 1697 1756 1781 χανοποιήσασθαι,
1802 1696 1980 1774 ὅπως
2023 1697 2390 1762 κατάτασιν

278 1832 330 1874 16
358 1804 624 1887 δικαίην
657 1801 768 1868 καὶ
803 1804 892 1887 μὴ
926 1805 1155 1886 βιαίην
1191 1805 1418 1888 σχήσει
1453 1804 1526 1868 τὸ
1563 1804 1877 1886 κατεηγὸς
1901 1812 2022 1869 τοῦ
2051 1804 2386 1888 σώματος·

252 1929 355 1980 518
374 1897 656 1999 μᾴλιστα
700 1906 776 1976 δὲ
815 1910 824 1993 Ι
866 1908 941 1975 έν
982 1912 1195 1995 κνήμῃ
1243 1907 1576 1994 ἐνδέχεται
1625 1913 2114 1995 μηχανοποιεῖν.
2206 1909 2388 1976 εἰσὶν

264 2096 268 2101 ἢ
356 2014 486 2100 μὲν
516 2012 642 2082 οὖν
674 2040 854 2092 τινες
890 2019 960 2081 οἳ
1001 2014 1107 2081 ἐπὶ
1143 2026 1307 2081 πᾶσι
1342 2027 1482 2093 τοῖς
1526 2026 1642 2100 τῆς
1695 2020 1946 2101 κνήμης
1989 2019 2385 2102 κατήγμασι,

358 2121 468 2187 καὶ
523 2133 740 2188 τοῖσιν
795 2121 1276 2207 ἐπιδεομένοισι
1331 2120 1442 2188 καὶ
1496 2132 1671 2189 τοῖσι
1732 2125 1819 2207 μὴ
1876 2122 2385 2208 ἐπιδεομένοισι,

357 2212 475 2293 τὸν
519 2229 694 2293 πόδα
747 2229 954 2313 ἄκρον
1006 2227 1411 2314 προσδέουσι
1465 2231 1631 2315 πρὸς
1674 2231 1796 2314 τὴν
1848 2234 2084 2314 κλίνην
2126 2229 2168 2312 ἢ
2213 2231 2388 2315 πρὸς

276 2364 331 2406 20
357 2336 518 2400 ἄλλο
563 2358 628 2399 τι
674 2332 875 2412 ξύλον
923 2337 1100 2419 παρὰ
1143 2337 1264 2420 τὴν
1318 2339 1553 2419 κλίνην
1606 2334 2098 2421 κατορύξαντες.
2190 2332 2386 2402 οὗτοι

355 2565 536 2633 ξύντρ.
574 2563 696 2618 MV
804 2563 917 2618 ἐστι
962 2563 1080 2632 ΒΜ
1187 2565 1319 2616 ante
1359 2563 1495 2618 ἐπιτ.
1536 2563 1664 2616 add.
1704 2562 1734 2617 ὁ
1783 2563 1843 2616 Μ
1887 2566 1944 2617 et
1979 2563 2017 2617 i.
2046 2582 2120 2616 m.
2160 2585 2246 2634 γρ.
2285 2567 2390 2619 καὶ

357 2635 491 2706 ὄπηι
527 2634 718 2706 τέγξει,
757 2632 865 2705 ὅπη
903 2633 1079 2705 τέγξει
1115 2652 1216 2703 pro
1255 2634 1340 2688 ἐπ.
1371 2634 1421 2688 V

500 2747 528 2795 1
558 2741 658 2811 μὲν
679 2741 853 2796 mv
905 2740 1020 2809 ὥρα
1039 2741 1104 2807 v,
1137 2739 1284 2810 ὀρθὴ
1305 2740 1364 2794 Μ
1430 2746 1475 2793 1.
1499 2746 1530 2794 2
1559 2722 1779 2795 τοθσπκ.
1800 2740 1864 2808 Β,
1886 2757 2008 2794 σεε.
2036 2740 2113 2794 Β8
2185 2747 2216 2795 2
2250 2744 2388 2795 ante

358 2814 456 2880 εἰρ.
498 2814 626 2866 add.
666 2813 763 2867 καὶ
798 2813 844 2865 Β
918 2813 1064 2880 εἴρια
1101 2812 1153 2866 V
1298 2817 1328 2865 3
1369 2810 1561 2880 ἰξάλην
1599 2811 1915 2882 οοᾶᾶηι-ῆν
1952 2811 2106 2866 Γοθε.
2246 2818 2281 2865 4
2321 2811 2385 2868 δ’

379 2882 441 2939 δὲ
468 2883 537 2953 V)
586 2884 744 2954 αἰγὸς
787 2885 891 2955 χρὴ
947 2883 1066 2938 MV
1164 2883 1324 2957 αἰγὸς
1378 2881 1483 2937 del.
1532 2883 1696 2951 Bosq.
1754 2885 1812 2936 eia
1874 2882 2008 2936 Litt.
2066 2881 2271 2937 Galeni
2327 2887 2391 2939 et

403 2953 610 3008 rofiani
655 2955 856 3024 glossis
903 2956 962 3008 et
1007 2952 1403 3008 commenkario
1443 2952 1642 3007 Galeni
1683 2953 1905 3007 collatis
2012 2954 2387 3010 ὑποτετάσθω

356 3025 402 3077 Β
528 3023 739 3079 ποιέειν
805 3025 964 3080 codd.
1111 3030 1141 3079 6
1207 3024 1262 3079 οὶ
1325 3041 1426 3093 pro
1491 3020 1647 3079 οὗτοι
1707 3024 1840 3078 Litt.
1894 3026 2127 3094 propter
2182 3042 2387 3079 comm.

357 3094 580 3160 Galeni,
621 3097 719 3163 qui
756 3095 874 3149 eius
910 3095 1065 3149 modi
1111 3095 1550 3149 exulcerationes
1599 3096 1672 3150 ad
1719 3112 1780 3149 os
1826 3111 2046 3158 sacrum
2099 3096 2390 3164 pertinere

359 3166 500 3220 dicit
604 3174 782 3220 τοῖσιν
818 3166 870 3220 V
986 3164 1284 3233 κειμένοισι
1321 3167 1393 3233 B,
1448 3164 1704 3235 κείμενον
1740 3166 1876 3230 MV,
1933 3165 2177 3236 κείμενοι
2230 3167 2387 3238 vulg.

502 3242 531 3289 7
578 3235 847 3292 ποιέουσα
882 3237 956 3302 Β,
992 3238 1127 3289 mut.
1157 3237 1219 3289 in
1255 3254 1370 3291 -σιν
1406 3237 1495 3303 B⁸,
1544 3235 1801 3292 ποιέουσι
1837 3238 1897 3290 M
2039 3242 2071 3291 8
2117 3237 2219 3292 διά
2255 3259 2389 3293 τινα

357 3309 502 3363 τούτ.
532 3307 653 3360 MV
761 3313 827 3360 10
863 3304 1120 3369 πλείονος
1154 3307 1274 3362 MV
1369 3307 1665 3363 ποιέεσθαι
1703 3308 1862 3362 codd.
1937 3306 2082 3370 ὅκως
2116 3308 2239 3362 MV

361 3385 424 3432 11
466 3377 704 3450 σχήσωσι
740 3376 799 3429 Μ
888 3377 1275 3448 κατεθυωρίην
1311 3380 1358 3432 Β
1469 3385 1534 3433 12
1573 3378 1637 3434 δὲ
1671 3381 1801 3448 post
1837 3380 2001 3433 ἀνωτ.
2041 3379 2148 3433 del.
2180 3379 2312 3434 Wb.

358 3459 432 3505 τῶ
469 3451 599 3518 posi}
634 3446 670 3517 ἢ
709 3465 813 3501 om.
844 3448 1034 3515 BMV‚
1073 3449 1201 3503 add.
1233 3449 1282 3502 D
1395 3455 1462 3503 14
1491 3449 1633 3513 ὅκως
1660 3450 1779 3504 MV
1889 3455 1954 3504 15
1985 3448 2156 3522 σχήση
2187 3450 2241 3504 V

362 3527 427 3575 16
457 3518 885 3592 μηχανοποιέειν
915 3520 1072 3574 codd.
1150 3521 1255 3574 εἰσὶ
1282 3518 1402 3574 MV
1537 3527 1619 3575 17.
1644 3526 1709 3576 18
1747 3530 1864 3584 τοῖς
1889 3541 1935 3575 τ.
1956 3542 2039 3576 κν.
2062 3543 2111 3576 κ.
2133 3543 2183 3576 κ.
2205 3539 2318 3577 om.
2339 3524 2389 3577 B
