2588 3876
542 140 715 190 ΠΕΡΙ
748 138 1036 191 ΑΡΘΡΩΝ
1072 139 1431 190 ΕΜΒΟΛΗΣ
1470 142 1553 191 16.
1595 142 1676 191 17.
1718 142 1783 191 18
2054 139 2176 202 141

171 315 278 376 τις
312 301 480 386 παρὰ
527 301 642 377 τὰς
682 301 972 386 πλευρὰς
1014 297 1576 386 παρατεταμένον,
1631 300 1666 365 6
1714 300 1790 367 δὲ
1837 301 2058 387 ἰητρὸς
2101 310 2180 387 τῇ

170 407 295 489 μὲν
342 405 522 493 ἑτέρῃ
579 408 748 492 χειρὶ
802 405 868 484 ἐς
922 408 1045 491 τὴν
1085 404 1094 493 Ι
1134 407 1434 491 κεφαλὴν
1495 415 1616 472 τοῦ
1661 409 2016 493 βραχίονος
2071 406 2287 492 «ἐμ-130

160 515 421 596 βάλλων
463 514 539 579 τὸ
587 513 798 600 θέναρ
835 523 952 597 τῆς
995 514 1212 599 χειρὸς
1246 511 1574 597 ἀπωθέοι,
1621 522 1698 600 τῇ
1748 514 1823 579 δὲ
1867 513 2051 602 ἑτέρῃ
2098 517 2180 580 τὰ

159 620 350 687 ὀστέα
405 623 484 687 τὰ
543 624 903 705 κατεηγότα
961 621 1313 699 εὐθετίζοι·
1373 620 1582 697 οὕτως
1635 619 1720 686 ὀὲν
1773 621 2055 702 μάλιστα
2114 620 2182 699 ἐς

159 730 285 812 τὴν
338 729 548 813 φύσιν
593 728 761 812 ἄγοι.
835 726 1046 813 «ἀτάρ,
1098 728 1316 812 ὥσπερ
1356 728 1480 810 ἤδη
1532 732 1811 814 εἴρηται,
1873 729 1954 793 οὐ
2005 729 2179 812 μάλα
2222 752 2247 794 5

161 835 236 900 τὸ
284 835 546 900 ἄνωθεν
591 832 823 900 ὀστέον
868 832 936 910 ἐς
979 834 1053 898 τὸ
1099 834 1273 898 κάτω
1322 837 1506 917 φιλεῖ
1547 833 1932 900 ὑποδύνειν.
2002 845 2180 901 τοῖσι
2211 847 2234 856 ”

158 938 285 1024 μὲν
316 936 439 1006 οὖν
472 943 862 1024 πλείστοισι,
900 941 1062 1005 ὅταν
1106 938 1531 1024 ἑπιὸεθῶσιν,
1567 940 1643 1004 τὸ
1683 949 1896 1025 σχῆμα
1931 941 2183 1027 ἀρήγει,

159 1046 309 1134 παρ’
353 1049 555 1124 αὐτας
597 1049 714 1124 τὰς
755 1048 1046 1133 πλευρὰς
1089 1047 1209 1112 τὸν
1245 1045 1512 1130 ἀγκῶνα
1557 1048 1822 1132 ἔχοντα,
1868 1048 2083 1125 οὕτως
2117 1047 2185 1126 ἐς

163 1156 234 1219 τὸ
273 1155 404 1220 ἄνω
440 1154 564 1220 τὸν
601 1149 784 1236 ὦμον
820 1153 1321 1236 ἀναγκάζεσθαι.
1413 1155 1598 1219 ἔστιν
1635 1150 1710 1219 δὲ
1747 1145 1883 1220 οἷσι
1909 1154 2032 1236 μὲν
2066 1156 2184 1220 τὸν

163 1256 339 1343 ὦμον
382 1261 773 1345 ἀναγκάζειν
817 1262 920 1327 δεῖ
974 1258 1041 1338 ἐς
1101 1260 1177 1325 τὸ
1226 1261 1393 1344 ἄνω,
1453 1261 1543 1337 ὡς
1596 1262 1879 1345 εἴρηται,
1938 1261 2059 1326 τὸν
2104 1262 2182 1327 δὲ
2210 1286 2263 1326 ιο

163 1366 424 1450 ἀγκῶνα
466 1368 636 1453 πρὸς
672 1367 748 1432 τὸ
793 1373 1046 1450 στῆθος
1088 1366 1438 1452 παράγειν,
1486 1369 1696 1453 ἄκρην
1732 1368 1808 1433 δὲ
1842 1369 1964 1452 τὴν
1999 1377 2186 1455 χεῖρα

162 1475 335 1559 παρὰ
389 1474 464 1538 τὸ
520 1474 857 1560 ἀκρώμιον
908 1482 1029 1539 τοῦ
1083 1472 1308 1556 ὑγιέος
1361 1473 1544 1556 ὤμου
1602 1479 1832 1558 ἴσχειν.
1926 1474 2009 1559 ἢν
2062 1471 2185 1556 μὲν

162 1574 288 1646 οὖν
331 1587 765 1646 κατακεῖσθαι
808 1585 1047 1666 τολμᾷ,
1102 1578 1578 1665 ἀντιστήριγμά
1629 1602 1695 1643 τι
1747 1580 2185 1663 προστιθέναι

165 1691 314 1772 χρή,
369 1689 459 1765 ὡς
503 1686 589 1753 ἄν
636 1688 671 1753 6
728 1682 903 1769 ὦμος
948 1685 1257 1752 ἀνωτάτω
1303 1678 1372 1770 ᾖ·
1427 1685 1513 1769 ἢν
1558 1685 1633 1750 δὲ
1675 1688 1924 1772 περιίῃ,
1981 1704 2184 1771 σφεν-

165 1793 366 1878 δόνην
406 1795 531 1879 χρὴ
579 1792 653 1859 ἐκ
696 1796 951 1877 ταινίης
994 1790 1146 1878 περὶ
1191 1793 1266 1857 τὸ
1315 1789 1434 1869 ὀξὺ
1480 1801 1601 1857 τοῦ
1647 1790 1943 1874 ἀγκῶνος
1985 1796 2175 1877 ποιή-
2208 1818 2259 1859 15

162 1914 366 1967 σαντα
409 1899 901 1986 ἀναλαμβάνειν
945 1901 1096 1987 περὶ
1140 1899 1259 1965 τὸν
1307 1898 1571 1984 αὐχένα.

316 2008 418 2074 17.
473 2006 803 2092 Ἀγκῶνος
848 2008 924 2076 δὲ
977 2008 1240 2094 ἄρθρον
1282 2004 1707 2092 παραλλάξαν
1759 2007 1883 2089 μὲν
1934 2006 1976 2090 ἢ
2022 2008 2188 2094 πρὸς

168 2115 460 2199 πλευρὴν
505 2114 547 2198 ἢ
594 2111 747 2198 ἔξω,
800 2113 1117 2196 μένοντος
1168 2122 1291 2179 τοῦ
1338 2111 1519 2191 ὀξέος
1564 2122 1684 2179 τοῦ
1732 2112 1807 2180 ἐν
1850 2121 1941 2202 τῷ
1985 2117 2187 2203 κοίλῳ

167 2229 280 2285 τοῦ
350 2222 732 2306 βραχίονος,
806 2217 874 2296 ἐς
947 2220 1119 2286 εὐθὺ
1191 2222 1662 2311 κατατείναντα
1733 2221 1813 2285 τὰ
1885 2218 2189 2306 ἐξέχοντα

168 2323 463 2392 ἀπωθεῖν
509 2326 717 2392 ὀπίσω
763 2327 872 2391 καὶ
919 2324 988 2403 ἐς
1030 2327 1105 2391 τὸ
1157 2326 1459 2409 πλάγιον.
2216 2354 2268 2393 20

317 2434 417 2498 18.
513 2433 606 2499 Τὰ
682 2432 757 2498 δὲ
826 2431 1060 2510 τελέως
1136 2431 1420 2517 ἐκβάντα
1490 2432 1530 2516 ἢ
1610 2435 1781 2499 ἔνθα
1855 2432 1897 2516 ἢ
1977 2435 2183 2517 ἔνθα,

313 2631 341 2680 1
392 2625 422 2680 ὁ
462 2627 525 2683 δὲ
564 2668 577 2680 .
606 2669 620 2681 .
652 2668 664 2680 .
704 2625 918 2694 εἴρηται
957 2628 1065 2695 (10)
1113 2643 1220 2680 om.
1272 2628 1327 2679 Γ
1462 2632 1511 2679 2.
1551 2631 1583 2678 3
1639 2625 1890 2696 ἐμβαλὼν
1927 2624 2048 2679 MV

173 2700 202 2747 3
246 2694 305 2751 δ’
355 2697 478 2752 MV
620 2703 654 2750 4
704 2696 775 2751 τὰ
818 2700 949 2765 post
993 2696 1156 2751 ὀστέα
1203 2714 1274 2751 εει.
1312 2696 1364 2751 V
1506 2701 1539 2750 5
1595 2692 1657 2750 εὖ
1710 2714 1812 2766 pro
1859 2697 1926 2750 οὐ
1970 2695 2188 2764 B¹MV‚

174 2767 236 2820 οὐ
271 2786 343 2822 εει.
382 2768 473 2836 B⁸‚
524 2785 593 2823 ex
630 2785 732 2822 em.
773 2784 876 2822 scr.
924 2768 1056 2822 Litt.
1185 2771 1390 2838 μᾶλλον
1426 2767 1472 2820 Β
1617 2772 1648 2819 6
1752 2766 1884 2822 ιλέει
1921 2767 2080 2822 codd.

173 2841 203 2888 7
241 2836 577 2894 πλείστοισιν
612 2838 760 2892 M'V
831 2840 1138 2894 ἐπιδεθῶσι
1172 2838 1293 2893 MV
1426 2844 1457 2891 9
1499 2838 1611 2893 ἔστι
1648 2838 1707 2891 Μ
1903 2843 1969 2892 10
2007 2837 2189 2909 ὥσπερ

177 2906 289 2985 MV
403 2916 469 2964 12
501 2911 642 2982 ἰσχει
672 2913 726 2963 Γ
789 2907 860 2978 ἢν
881 2952 894 2964 .
917 2953 929 2964 .
952 2953 963 2963 .
985 2908 1139 2980 μένει
1175 2913 1241 2980 (c.
1273 2915 1340 2964 29
1371 2911 1528 2979 extr.)
1559 2926 1664 2963 om.
1687 2913 1742 2963 Γ
1844 2914 1909 2964 13
1938 2909 2188 2967 κατακέε.

175 3012 286 3069 MV
359 3017 423 3089 ἔῃ
461 3016 582 3070 MV
744 3021 812 3070 14
848 3014 1061 3086 περιείη
1099 3015 1219 3070 MV
1382 3021 1448 3069 15
1487 3001 1736 3084 έκὲςεινεης
1770 3015 1822 3070 V
1958 3022 2024 3070 16
2060 3020 2193 3086 post

176 3086 290 3158 αὐχ.
319 3088 450 3142 add.
480 3107 551 3141 τα
588 3104 793 3142 εωστου
828 3087 1055 3156 puncssis
1092 3086 1501 3141 circumdatum
1528 3089 1574 3141 B
1675 3093 1740 3141 17
1779 3106 1909 3156 περι
1939 3088 2193 3158 ἀγκωνος

173 3154 255 3210 tiss.
291 3158 411 3212 ΒΜ
499 3160 783 3229 ἀγκῶνος.
808 3156 1030 3229 ..μένει
1066 3160 1131 3228 (o.
1163 3163 1229 3210 29
1268 3158 1427 3228 extr.)
1464 3159 1795 3229 repetunbur
1829 3159 1891 3212 in
1924 3157 2190 3214 Mochlici

178 3242 290 3297 cap.
323 3235 496 3283 7-19
510 3271 524 3297 ,
572 3230 768 3284 eadem
807 3228 997 3298 capita
1031 3246 1146 3282 non
1182 3232 1314 3282 sunt
1347 3229 1409 3282 in
1446 3230 1846 3284 commentario
1885 3228 2086 3284 Galeni

174 3302 503 3368 παραλαξαν
529 3301 575 3353 Β
653 3299 1081 3368 παραλλάξομεν
1116 3316 1218 3368 pro
1246 3318 1378 3368 παρ.
1477 3320 1510 3354 ν
1537 3301 1641 3369 Ap.
1717 3302 1849 3354 ante
1885 3300 2025 3370 πρὸς
2061 3300 2189 3354 add.

179 3374 588 3441 παραρθρῆσαν
627 3371 803 3437 codd„
845 3388 949 3425 om.
988 3372 1111 3440 Ap„
1150 3369 1372 3437 Mochl.‚
1458 3390 1556 3425 rm.
1714 3377 1779 3425 19
1836 3372 1894 3434 ἐς
1930 3387 2034 3424 om.
2073 3371 2119 3423 B

177 3438 237 3493 τὸ
272 3440 461 3532 ἐξέχον
497 3441 619 3496 MV
770 3448 838 3496 20
886 3438 1094 3516 ὀπίσσω
1131 3442 1177 3494 Β
1323 3447 1388 3495 21
1435 3445 1630 3506 τελεως
1664 3442 1788 3511 Ap„
1825 3439 1978 3502 -είως
2014 3440 2118 3492 cet.

179 3511 326 3577 prius
364 3534 399 3583 η
437 3530 544 3567 om.
582 3512 688 3582 Ap.
