2588 3876
706 183 879 233 ΠΕΡΙ
915 180 1205 235 ΑΡΘΡΩΝ
1240 182 1600 235 mom
1641 187 1705 235 ἰτ
2092 182 2222 246 235

207 338 672 423 ἐμβάλλεσθαι·
739 341 846 407 καὶ
907 344 1033 426 ἤδη
1093 343 1217 427 μέν
1275 367 1462 419 τινας
1518 339 1731 426 εἶδον,
1796 344 2040 419 οἵτινες
2091 343 2222 408 ὑπὸ

203 449 654 532 φλαυρότητος
708 446 817 513 καὶ
872 449 953 513 τά
1005 445 1126 526 ἔξω
1176 448 1600 533 ἐκκεκλιμένα
1653 448 1763 514 καὶ
1809 450 1889 514 τά
1936 451 2224 514 ὄπισθεν

205 550 374 641 ἀσκῷ
407 553 764 638 ἐπειρῶντο
804 553 1186 638 ἐμβάλλειν,
1225 555 1307 619 οὐ
1348 556 1787 638 γινώσκοντες
1824 555 1925 620 ὅτι
1965 554 2224 638 ἐξέβαλ-

207 662 321 722 λον
366 659 527 725 αὐτὸ
574 664 832 743 μᾶλλον
886 661 926 745 ἢ
974 659 1364 744 ἐνέβαλλον·
1424 661 1460 727 ὁ
1507 661 1734 746 μέντοι
1780 653 2039 746 πρῶτος
2085 660 2224 727 ἐπι-

201 766 436 848 νοήσας
501 769 709 850 δῆλον
782 767 883 832 ὅτι
956 768 1122 851 πρὸς
1193 770 1274 831 τὰ
1346 763 1476 832 ἔσω
1549 769 1969 850 ὠλισθηκότα
2042 766 2222 854 ἀσκῷ
2277 792 2302 833 5

198 866 546 953 ἐμβάλλειν
609 872 1017 959 ἐπειρήσατο.
1108 872 1508 939 ἐπίστασθαι
1572 871 1694 958 μὲν
1758 869 1885 938 οὖν
1947 876 2071 958 χρὴ
2135 874 2225 950 ὡς

199 978 515 1060 χρηστέον
560 979 771 1067 ἀσκῷ,
819 981 877 1045 εἰ
924 978 1067 1045 δέοι
1104 987 1423 1064 χρῆσθαι·
1485 982 1953 1062 διαγινώσκειν
1999 976 2073 1044 δὲ
2120 981 2223 1045 δεῖ

196 1082 295 1147 ὅτι
339 1084 532 1170 ἕτερα
576 1087 791 1150 πολλὰ
836 1085 1043 1152 ἀσκοῦ
1088 1085 1344 1171 κρέσσω
1393 1085 1590 1152 ἐστίν.
1665 1087 1788 1171 χρὴ
1834 1087 1909 1150 δὲ
1945 1087 2065 1150 τὸν
2098 1087 2223 1168 μὲν

196 1187 400 1255 ἀσκὸν
453 1189 755 1256 ἐνθεῖναι
813 1190 879 1268 ἐς
934 1195 1091 1269 τοὺς
1145 1195 1402 1277 μηροὺς
1458 1192 1804 1276 ἀφύσητον
1851 1190 2075 1275 ἐόντα,
2133 1192 2223 1269 ὡς

194 1291 273 1360 ἀν
318 1297 599 1362 δύναιτο
638 1297 947 1363 ἀνωτάτω
984 1299 1150 1383 πρὸς
1188 1301 1307 1363 τὸν
1343 1303 1655 1383 περίνεον
1692 1297 2045 1380 ἀνάγοντα,
2091 1295 2219 1362 ἀπὸ
2250 1323 2304 1363 ιο

192 1400 265 1465 δὲ
308 1413 449 1466 τῶν
494 1402 945 1486 ἐπιγουνίδων
991 1404 1361 1489 ἀρξάμενον
1416 1408 1635 1489 ταινίῃ
1683 1406 1848 1488 πρὸς
1893 1401 2224 1486 ἀλλήλους

187 1509 347 1584 ’τοὺς
395 1511 649 1593 μηροὺς
693 1511 1056 1594 καταδῆσαι
1101 1511 1253 1595 ἄχρι
1300 1519 1421 1574 τοῦ
1468 1510 1739 1593 ἡμίσεος
1783 1521 1919 1574 τῶν
1963 1520 2221 1594 μηρῶν·

187 1609 416 1678 ἔπειτα
461 1613 529 1691 ἐς
571 1614 691 1680 ἕνα
734 1628 869 1681 τῶν
914 1617 1294 1699 ποδεώνων,
1341 1616 1461 1680 τὸν
1507 1615 1890 1697 λελυμένον,
1938 1615 2222 1680 ἐνθέντα

188 1719 400 1786 αὐλὸν
455 1719 528 1786 ἐκ
582 1726 858 1806 χαλκιόυ
903 1731 1133 1806 φῦσαν
1188 1720 1656 1803 ε’σαναγκάζειν
1710 1719 1775 1797 ἐς
1821 1723 1941 1785 τὸν
1987 1721 2219 1786 ἀσκόν·

186 1827 303 1891 τὸν
374 1823 450 1891 δὲ
513 1828 880 1912 ἄνθρωπον
920 1829 927 1911 Ι
968 1829 1255 1911 πλάγιον
1312 1833 1744 1892 κατακεῖσθαι
1791 1828 1865 1891 τὸ
1924 1829 2203 1912 σιναρὸν
2222 1842 2327 1890 310

186 1931 422 2010 σκέλος
467 1932 784 2019 ἐπιπολῆς
829 1937 1078 2020 ἔχοντα.
1160 1935 1201 2018 ἡ
1256 1930 1381 2019 μὲν
1437 1927 1564 2000 οὖν
1616 1934 1998 2018 παρασκευὴ
2055 1932 2218 2018 αὕτη
2249 1960 2301 1999 16

187 2038 403 2106 ἐστίν·
476 2041 903 2121 σκευάζονται
959 2042 1034 2106 δὲ
1088 2042 1323 2105 κάκιον
1378 2042 1443 2105 οἱ
1495 2045 1794 2106 πλεῖστοι
1849 2040 1889 2124 ἢ
1944 2040 2033 2116 ὡς
2093 2038 2220 2123 ἐγὼ

186 2152 453 2230 εἴρηκα·
513 2147 595 2211 οὐ
641 2149 767 2233 γὰρ
806 2147 1247 2212 καταδέουσιν
1292 2149 1450 2224 τοὺς
1496 2149 1750 2231 μηροὺς
1795 2144 1903 2211 ἐπὶ
1951 2148 2221 2230 συχνόν,

186 2251 355 2317 ἀλλά
402 2260 662 2335 μοῦνον
706 2255 787 2317 τὰ
832 2254 1154 2337 γούνατα,
1202 2253 1284 2317 οὐ
1324 2249 1398 2317 δὲ
1434 2256 1919 2317 κατατείνουσι·
1984 2253 2107 2337 χρὴ
2148 2249 2221 2316 δὲ

185 2356 294 2422 καὶ
353 2363 956 2441 προσκατατείνειν.
1058 2360 1234 2443 ὅμως
1290 2357 1366 2423 δὲ
1428 2360 1554 2441 ἤδη
1619 2354 1796 2433 τινὲς
1861 2357 2222 2439 ἐνέβαλλον
2249 2383 2303 2422 20

184 2464 461 2548 ὁηϊδίου
518 2474 641 2528 τοῦ
697 2466 1078 2549 πρήγματος
1130 2463 1568 2548 ἐπιτυχόντες.
1651 2462 1954 2546 εὐφόρως
2009 2463 2084 2527 δὲ
2138 2463 2221 2527 οὗ

338 2626 365 2674 1
428 2621 525 2674 καὶ
563 2619 716 2689 ἤδη.
751 2665 760 2674 .
796 2618 1108 2687 .τελευτήν.
1158 2624 1230 2691 (Ρ.
1263 2625 1386 2687 236,
1419 2622 1504 2687 16)
1552 2622 1763 2673 om.1''
1899 2623 1929 2670 2
1988 2620 2219 2685 φαυλοτ.

184 2690 427 2760 MVAp
540 2695 833 2760 κεκλιμενα
871 2713 920 2745 κ
960 2711 1030 2744 τα
1067 2712 1139 2760 μη
1178 2712 1258 2753 εις
1293 2690 1453 2745 τούπ.
1493 2692 1545 2745 ἀ.
1586 2689 1702 2761 ἐμβ.
1744 2689 2129 2776 ἐπειραθησαν
2166 2687 2223 2742 οἳ

186 2783 295 2831 γ.ιν
330 2781 527 2823 αυτοις
555 2781 641 2815 οτι
671 2760 1017 2833 ἐξεβαλλεν*
987 2782 1021 2830 η
1052 2764 1364 2833 εισεβαλλεν
1391 2762 1496 2829 Ap.
1609 2766 1640 2814 5
1681 2758 1940 2828 δηλονότι
1968 2757 2019 2811 V
2092 2758 2220 2813 εἴσω

183 2833 310 2886 MV
389 2832 465 2886 ὀλ.
506 2832 551 2884 Β
663 2837 692 2885 7
731 2831 872 2903 χρέε.
912 2833 1071 2886 codd.
1111 2832 1290 2903 χρήΡ
1293 2850 1354 2886 ro
1384 2834 1476 2885 δεῖ
1499 2830 1620 2885 MV
1728 2836 1759 2883 8
1800 2828 1914 2885 ἐστί
1940 2829 2074 2895 MV,
2114 2846 2220 2883 om.

183 2905 290 2973 Ap.
372 2902 474 2969 μὲν
503 2919 609 2956 οιιι.
640 2904 744 2971 Ap.
856 2908 887 2956 9
917 2907 1259 2958 καταθεῖναι
1251 2851 1424 2969 p‚MV
1464 2903 1585 2957 ἔνθ.
1614 2901 1777 2970 ΒΑΡ.
1891 2906 1957 2954 10
1996 2872 2160 2953 οὖν’
2126 2920 2223 2969 ητε

182 2975 240 3044 (i.
273 2991 323 3029 e.
359 2971 484 3027 οἷόν
487 2976 589 3097 Ατε)
618 2989 721 3063 pro
750 2972 872 3029 δύν.
912 2975 1016 3042 Ap.
1090 2974 1452 3043 ἀναγαγοντα
1480 2972 1543 3040 Β,
1581 2972 1697 3026 ἄνω
1727 2970 1875 3042 ἀνάγ
1878 2990 2016 3025 οντα
2042 2972 2149 3040 Ap.

186 3052 252 3099 12
294 3043 537 3115 μέχριΑ
538 3063 591 3113 p.
685 3041 923 3113 ἡμίσεως
950 3043 1009 3097 Μ
1115 3052 1227 3099 τῶν
1264 3052 1456 3112 μηρῶν
1493 3060 1598 3097 om
1629 3044 1733 3112 Ap.
1842 2993 1949 3095 ⁷13
1989 3042 2069 3105 εἰς
2104 3042 2150 3094 Β

180 3119 385 3172 ποδῶν
414 3116 477 3181 Β,
515 3117 732 3169 πολλῶν
759 3113 895 3180 MV,
933 3115 1239 3169 ποδεώνων
1265 3114 1395 3167 Wb.
1500 3114 1582 3168 ἔπ.
1614 3117 1676 3169 δε
1706 3114 1767 3168 ἐν
1795 3115 1960 3167 δυοιν
1987 3117 2223 3167 ποδεοιν

183 3183 371 3242 ὅντων
407 3185 716 3254 λελυμένων
753 3187 858 3254 ΑΡ.
969 3193 1079 3239 τῶν
1114 3182 1426 3253 λελυμένων
1462 3185 1507 3237 Β
1618 3181 1859 3239 ἐνθέντα
1897 3199 2003 3236 om.
2043 3184 2148 3251 Ap.

185 3264 254 3311 14
296 3259 451 3311 αυλω
481 3257 585 3325 ΑΡ.
678 3253 937 3326 χαλκείου
965 3254 1088 3307 MV
1178 3272 1378 3322 φυσιεν
1406 3257 1606 3324 ἀναγκ.
1645 3256 1695 3307 Α
1864 3259 1929 3306 15
1968 3251 2219 3307 κατακέε.

182 3328 309 3382 MV
425 3333 489 3380 16
530 3328 757 3381 ἐπιπολλ
759 3348 825 3396 ης
852 3326 897 3379 Β
971 3322 1074 3380 οὖν
1103 3342 1209 3379 οιιι.
1239 3326 1345 3394 Ap
1459 3331 1522 3379 17
1564 3322 1677 3380 ἐστί
1696 3273 1859 3390 un,
1898 3341 2004 3378 οιιι.
2044 3325 2149 3391 ΑΡ.

178 3398 390 3470 τάχιον
426 3399 531 3465 Ap
681 3403 746 3451 18
759 3348 1122 3451 ηκοιτοιδιέουσι
1150 3345 1384 3465 MVApp.
1497 3413 1564 3449 συ
1600 3404 1715 3450 νῶν
1741 3396 1846 3463 Ap.
1997 3398 2062 3446 19
2101 3392 2221 3462 γόν.

183 3471 229 3523 Β
351 3467 506 3538 γούν.
547 3469 644 3521 καὶ
682 3468 748 3522 οὐ
786 3487 828 3521 π
832 3416 1384 3537 ροσκατατείνουσιῗν
1418 3467 1496 3535 Μ)
1799 3470 1866 3517 20
1912 3484 2073 3531 προκ.
2113 3464 2220 3531 Ap.

296 3545 367 3592 21
408 3546 508 3592 τοῦ
548 3555 652 3591 οιιι.
693 3538 925 3608 MVAp.
1039 3538 1396 3608 ἐπιτυχόντος
1431 3538 1534 3606 Ap.
