2588 3876
730 162 904 210 ΠΕΡΙ
940 160 1230 211 ΑΡΘΡῼΝ
1267 161 1627 211 mmmmm
1667 164 1731 211 τι
2111 159 2240 223 227

231 329 343 404 χρὴ
402 322 482 384 τὰ
543 322 857 405 κράτιστα
920 323 1072 406 περὶ
1136 320 1418 386 ἑκάστου
1484 320 1558 387 ἐν
1629 322 1804 407 πάσῃ
1878 330 1955 406 τῇ
2020 320 2242 407 τέχνῃ·

228 432 503 510 χρῆσθαι
550 426 624 492 δὲ
669 418 850 491 οἷσιν
895 426 980 492 ἂν
1025 426 1182 513 δόξῃ
1222 424 1544 492 ἑκάστοτε.
1619 433 1912 510 εἴρηνται
1959 427 2083 507 μὲν
2118 421 2244 491 οὖν

227 535 449 615 τρόποι
494 535 907 629 κατατασζων
960 534 1069 598 καὶ
1125 532 1199 598 ἐν
1253 543 1472 598 τοῖσιν
1525 536 1907 617 ἔμπροσθεν
1961 556 2244 618 γεγραμ-

223 638 533 724 μένοισιν,
593 641 762 705 ὥστε
820 646 1111 725 χρῆσθαι
1168 641 1429 705 τούτων
1488 640 1668 716 ὅστις
1722 638 1807 703 ἂν
1871 640 2243 725 παρατύχῃ·

224 746 317 811 δεῖ
373 748 498 831 γὰρ
558 745 1193 811 ἀντικατατετάσθαι
1253 748 1540 831 ἰσχυρῶς
1555 795 1574 830 ,
1640 744 1747 810 ἐπὶ
1807 746 2059 829 θάτερα
2116 747 2241 831 μὲν
2296 772 2320 811 6

220 861 333 916 τοῦ
388 852 682 936 σκέλεος,
740 851 846 917 ἐπὶ
900 854 1154 937 θάτερα
1210 853 1284 917 δὲ
1338 862 1459 917 τοῦ
1502 853 1511 937 Ι
1553 853 1876 935 σώματος·
1950 851 2036 935 ἢν
2091 854 2217 938 γὰρ
2239 869 2346 917 294

221 953 289 1022 εὖ
331 965 703 1045 καταταθῇ,
757 960 1420 1044 ὑπεραιωρηθήσεται
1476 960 1514 1042 ἡ
1560 960 1814 1041 κεφαλὴ
1858 967 1979 1023 τοῦ
2025 969 2243 1043 μηροῦ

216 1064 377 1151 ὑπὲρ
442 1075 559 1150 τῆς
619 1064 895 1149 ἀρχαίης
953 1065 1175 1150 ἕδρης·
1255 1064 1368 1130 καὶ
1430 1063 1517 1147 ἢν
1579 1065 1704 1149 μὲν
1765 1064 2241 1152 ὑπεραιωρηθῇ

217 1172 450 1255 οὕτως,
497 1168 659 1237 οὐδὲ
704 1177 998 1237 κωλῦσαι
1034 1169 1133 1236 ἔτι
1171 1171 1440 1258 ῥηίδιον
1476 1172 1734 1250 ἵζεσθαι
1774 1170 1982 1253 αὐτὴν
2019 1170 2085 1247 ἐς
2121 1173 2244 1255 τὴν

215 1275 457 1362 ἑωυτῆς
502 1276 738 1363 ἕδρην,
785 1279 953 1343 ὥστε
997 1279 1124 1362 ἤδη
1172 1287 1351 1343 πᾶσα
1398 1277 1584 1363 ἀρκεῖ
1620 1280 1971 1363 μόχλευσίς
2015 1301 2083 1341 τε
2130 1276 2239 1342 καὶ
2270 1305 2322 1342 10

210 1388 652 1468 κατόρθωσις·
728 1382 895 1449 ἀλλὰ
949 1385 1076 1468 γὰρ
1135 1384 1559 1449 ἐλλείπουσιν
1613 1383 1687 1449 ἐν
1741 1394 1820 1469 τῇ
1866 1384 2237 1448 κατατάσει·

211 1492 318 1555 διὰ
362 1499 564 1555 τοῦτο
612 1491 816 1573 ὄχλον
858 1492 1061 1555 πλείω
1107 1488 1378 1574 παρέχει
1422 1491 1463 1573 ἡ
1512 1488 1775 1574 ἐμβολή.
1866 1492 1989 1574 χρὴ
2035 1485 2110 1554 δὲ
2157 1491 2238 1554 οὐ

208 1605 468 1679 μοῦνον
531 1597 711 1680 παρὰ
767 1597 886 1660 τὸν
942 1597 1117 1660 πόδα
1175 1597 1255 1660 τὰ
1316 1596 1522 1677 δεσμὰ
1582 1593 2009 1679 ἐξηρτῆσθαι,
2074 1595 2240 1661 ἀλλὰ

205 1701 313 1766 καὶ
362 1704 634 1766 ἄνωθεν
679 1710 798 1766 τοῦ
845 1703 1201 1784 γούνατος,
1248 1701 1362 1766 ἵνα
1397 1702 1485 1784 μὴ
1523 1702 1687 1764 κατὰ
1724 1702 1798 1764 τὸ
1837 1710 1957 1766 τοῦ
1995 1703 2228 1784 γούνα-

204 1831 313 1884 τος
361 1810 629 1892 ἅρθρον
674 1806 748 1872 ἐν
792 1816 870 1892 τῇ
909 1809 1179 1872 τανύσει
1216 1809 1257 1891 ἡ
1296 1806 1592 1883 ἐπίδοσις
1629 1799 1672 1892 ᾗ
1706 1810 1962 1889 μᾶλλον
1998 1806 2039 1888 ἢ
2076 1808 2238 1871 κατὰ
2269 1833 2317 1871 15

202 1916 274 1979 τὸ
319 1923 446 1980 τοῦ
497 1915 715 1999 ἰσχίου
762 1915 1041 1999 ἄρθρον.
1116 1913 1289 1979 οὕτω
1338 1914 1459 1995 μὲν
1513 1907 1639 1978 οὖν
1693 1913 1816 1999 χρὴ
1870 1913 1992 1996 τὴν
2045 1913 2237 1978 κατά-

200 2039 402 2085 τασιν
446 2022 569 2103 τὴν
612 2021 778 2105 πρὸς
823 2022 897 2084 τὸ
943 2030 1063 2085 τοῦ
1110 2022 1317 2097 ποδὸς
1361 2018 1559 2104 μέρος
1594 2019 2025 2085 ἐσκευάσθαι·
2072 2019 2236 2102 ἀτὰρ

199 2129 311 2192 καὶ
358 2127 484 2209 τὴν
531 2124 636 2190 ἐπὶ
683 2127 936 2210 θάτερα
980 2128 1337 2191 κατάτασιν
1381 2128 1469 2211 μὴ
1516 2136 1774 2209 μοῦνον
1819 2124 1891 2192 ἐκ
1936 2136 2050 2210 τῆς
2084 2126 2234 2211 περὶ

129 2235 142 2250 “
198 2235 271 2297 τὸ
314 2237 570 2314 στῆθος
614 2234 778 2296 κατὰ
814 2234 928 2308 τὰς
963 2232 1300 2317 μασχάλας
1336 2235 1690 2316 περιβολῆς
1726 2232 2235 2316 ἀντιτείνεσθαι,

198 2338 371 2402 ἀλλὰ
432 2338 544 2401 καὶ
609 2338 832 2421 ἱμάντι
889 2345 1116 2426 μακρῷ
1171 2340 1494 2425 διπτύχῳ,
1563 2339 1831 2425 ἰσχυρῷ,
1896 2349 2236 2423 προσηνεῖ,
2264 2365 2329 2404 20'

355 2605 382 2651 1
441 2619 513 2652 τα
550 2599 817 2667 κράτιστα
855 2617 960 2653 om.
1001 2601 1104 2667 Ap.
1231 2608 1296 2654 v*
1339 2617 1443 2653 om.
1482 2601 1585 2668 Ap.
1770 2605 1799 2651 2
1857 2602 2133 2669 χρηεσθαι
2168 2599 2230 2665 Β,

194 2669 356 2741 χρέε-
403 2672 507 2722 cet.
637 2666 805 2738 οῖσι(ν
841 2669 947 2739 Μ’)
990 2618 1104 2723 ΒΜ
1227 2620 1391 2733 οἶ]ς”Α
1359 2692 1432 2725 αν
1479 2674 1618 2740 δοκῇ
1655 2671 1756 2738 ΑΡ.
1889 2669 1938 2723 εἰ
1975 2669 2072 2722 καὶ
2108 2668 2233 2723 τότε

232 2757 301 2795 ro
341 2738 602 2795 ἑκάστοτε
638 2740 684 2792 Β
772 2739 985 2810 εἴρηται
1013 2741 1058 2793 Β
1187 2747 1218 2794 3
1254 2740 1500 2828 τοῖσι(ν’)
1540 2742 1661 2809 ἑμκπ.
1671 2738 2231 2864 Αγεγραμμένοισιὲνῑ)

192 2759 282 2879 Μ,
323 2809 639 2879 εἰρημένοις
673 2826 774 2880 pro
812 2830 957 2881 γεγρ.
998 2812 1103 2901 Ap.
1260 2820 1293 2865 4
1343 2810 1478 2865 ὥστε
1525 2828 1629 2864 om.
1671 2811 1774 2879 Ap
1788 2832 1952 2936 ὖξρ
1956 2808 2023 2864 {a
2065 2827 2130 2865 co
2134 2811 2225 2865 d.d

308 2880 476 2943 ὥστις
509 2881 555 2933 Β
673 2903 757 2952 χρ.
807 2881 869 2937 δὲ
907 2879 993 2944 οἶς
1038 2882 1111 2936 άν
1155 2903 1240 2944 τις
1285 2901 1487 2949 παρατ.
1528 2882 1630 2950 ΑΡ.
1943 2901 2230 2936 τικατατε-

190 2956 417 3007 τᾶσθαι
454 2951 505 3004 V
649 2957 698 3006 ὅ.
740 2957 771 3005 6
821 2952 912 3007 ἐπὶ
950 2972 1049 3021 μεν
1085 2957 1146 3006 θ.
1185 2953 1248 3006 τὸ
1287 2951 1500 3018 σκέλος,
1550 2900 1615 3007 ἐξ)
1630 2951 1693 3006 δὲ
1730 2956 1791 3008 θ.
1788 2887 1891 3005 ὖτὸ
1932 2960 2046 3020 σῶμ
2049 2974 2085 3006 α
2122 2953 2227 3022 ΑΡ.

280 3028 314 3076 7
353 3026 581 3089 καταθῆ
619 3022 690 3088 Β,
728 3023 973 3111 καιταθῆ
1013 3023 1064 3075 V
1190 3029 1221 3075 9
1260 3022 1428 3077 οὐδὲν
1466 3027 1672 3078 κωλῢσε
1709 3023 1755 3075 Β
1828 3026 2072 3076 κωλῦσαι
2108 3022 2160 3075 V

192 3095 279 3157 εἰς
317 3092 379 3145 Μ
526 3098 593 3145 10
644 3090 775 3146 ωστ’
825 3093 945 3146 MV
1063 3093 1251 3161 ἀρκέει
1299 3092 1458 3146 codd.
1608 3099 1672 3145 11
1730 3092 2036 3161 διόρθωσις
2081 3093 2226 3147 Erm.

306 3163 449 3217 ἀλλὰ
487 3163 587 3217 m.
627 3164 733 3232 γὰρ
771 3166 875 3234 ΑΡ.
986 3162 1381 3218 καταλείπουσι
1419 3164 1565 3217 Erm
1719 3171 1781 3217 12
1820 3164 1855 3232 ἡ
1896 3182 2000 3218 om.
2040 3165 2146 3234 Ap.

190 3225 302 3290 οὖν
341 3249 445 3302 pro
483 3233 546 3288 δὲ
582 3184 733 3287 ΜΗῩ
849 3240 913 3287 13
951 3243 1108 3303 μοῦν.
1148 3234 1246 3301 P.
1313 3233 1488 3303 μόνον
1527 3235 1686 3288 codd
1789 3236 1856 3288 οὐ
1892 3235 2048 3304 παρὰ
2083 3256 2128 3290 τ.
2167 3255 2225 3289 π.

189 3303 322 3375 μόν.
341 3252 419 3357 PF
576 3310 642 3356 14
697 3304 815 3374 γ.όν
856 3305 983 3376 (bis)
1021 3305 1141 3357 MV
1259 3256 1402 3368 ὅκως
1435 3322 1537 3373 pro
1577 3304 1672 3360 ινα
1710 3305 1829 3358 MV
1994 3311 2059 3359 15
2108 3304 2226 3360 ἐπί-

190 3378 352 3438 δεσις
389 3373 587 3441 MVI',
634 3327 883 3438 ἐπίδοσις
918 3375 1304 3444 BErm.‘1‘2
1341 3323 1474 3441 BFp
1520 3376 1581 3444 ἔη
1619 3376 1763 3442 MV,
1813 3378 2011 3445 scripsi
2050 3369 2085 3445 ἦ

194 3452 266 3500 16
317 3444 465 3499 ουτω
506 3489 515 3498 .
550 3487 560 3497 .
595 3489 604 3498 .
644 3448 1008 3516 κατορθούτω
1057 3451 1128 3516 (Ρ.
1170 3449 1411 3514 228,15)
1460 3463 1563 3499 om.
1608 3451 1659 3499 Γ
1817 3446 1992 3509 ουτως

192 3522 264 3570 17
315 3516 659 3570 ἐσκευᾶσθαι
705 3516 755 3568 V
902 3524 965 3570 19
1004 3519 1102 3570 καὶ
1137 3534 1238 3586 pro
1276 3516 1420 3571 κατὰ
1458 3516 1577 3569 MV

1803 3605 1905 3654 15*
