2588 3876
865 148 1038 199 ΠΕΡΙ
1071 147 1328 200 ΑΓΜῼΝ
1374 151 1458 201 25.
1488 152 1556 201 26
2131 146 2216 211 83

187 308 407 394 μένον
464 303 636 373 εἶναι
689 309 764 373 τὸ
818 307 1008 385 ἕλκος
1066 307 1446 394 ὃακρυῶὃές
1500 332 1571 374 τε
1625 306 1733 374 καὶ
1783 307 2217 393 ἀνεκπύητον,

186 414 390 483 ὀστέα
446 412 523 481 δὲ
575 413 686 480 καὶ
739 417 828 500 μὴ
872 413 1195 499 μέλλοντα
1248 416 1612 500 ἀποστῆναι
1666 415 2066 481 ἀποστατικὰ
2110 438 2216 499 γε-

183 523 467 588 νέσθαι·
524 521 919 607 σφυγμῶδές
969 545 1040 586 τε
1094 520 1204 587 καὶ
1258 523 1560 609 πυρῶδες
1612 524 1686 587 τὸ
1731 521 1921 600 ἕλκος
1965 521 2050 586 ἂν
2096 523 2213 606 εἴη.

186 629 673 713 ἀναγκάζονται
719 625 793 694 δὲ
839 628 950 694 διὰ
994 630 1068 693 τὸ
1107 624 1290 705 οἶδος
1327 628 1943 695 ἐπικαταπλάσσειν·
2008 628 2214 713 ἀσύμ-

185 760 416 822 φορον
473 732 548 801 δὲ
601 733 711 799 καὶ
764 744 961 801 τοῦτο
1016 746 1235 801 τοῖσιν
1286 733 1492 801 ἔνθεν
1545 734 1654 801 καὶ
1710 738 1910 801 ἔνθεν
1960 734 2212 801 ἑπιδεο-
2268 762 2293 802 5

183 841 527 927 μένοισιν·
591 843 800 926 ἄχθος
842 843 968 927 γὰρ
1015 838 1351 927 ἀνωφελὲς
1390 843 1554 926 πρὸς
1588 850 1678 928 τῷ
1717 843 1892 929 ἄλλῳ
1931 850 2213 929 σφυγμῷ

183 948 577 1031 ἐπιγίνεται.
661 952 1093 1025 τελευτῶντες
1137 944 1209 1012 δὲ
1257 948 1629 1014 ἀπολύουσι
1673 950 1752 1014 τὰ
1799 947 2213 1032 ἐπιὸέσματα,

182 1055 445 1121 ὁπόταν
482 1073 648 1140 σφιν
674 1059 1057 1140 παλιγκοτῇ,
1099 1052 1207 1119 καὶ
1247 1056 1628 1139 ἰητρεύουσι
1663 1056 1738 1120 τὸ
1775 1055 2014 1120 λοιπὸν
2050 1056 2212 1119 ἄνευ

182 1159 541 1237 έπιδέσιος.
633 1157 835 1227 οὐδὲν
897 1158 959 1226 δ’
1026 1156 1238 1245 ἧσσον
1309 1158 1420 1227 καὶ
1489 1164 1577 1245 ἦν
1637 1184 1701 1226 τι
1765 1162 1926 1226 ἄλλο
1989 1171 2213 1247 τρῶμα

180 1277 459 1334 τοιοῦτο
505 1268 784 1352 λάβωσι,
830 1275 921 1355 τῷ
967 1266 1145 1354 αὐτῷ
1189 1270 1411 1356 τρόπῳ
1459 1269 1906 1354 ἰητρεύουσιν·
1953 1267 2036 1332 οὐ
2084 1268 2210 1352 γὰρ
2240 1296 2292 1335 ιο

180 1381 450 1441 οἴονται
511 1375 637 1458 τὴν
700 1373 998 1439 ἐπίδεσιν
1054 1375 1177 1457 τὴν
1230 1377 1435 1439 ἔνθεν
1496 1372 1606 1439 καὶ
1661 1378 1862 1439 ἔνθεν
1914 1370 2025 1439 καὶ
2087 1375 2209 1458 τ’ὴν

179 1479 526 1560 ἄνᾶψυξιν
587 1489 708 1546 τοῦ
765 1471 988 1558 ἕλκεος
1048 1482 1267 1564 αἰτίην
1326 1475 1526 1563 εἶναι,
1586 1478 1731 1545 ἀλλ’
1790 1482 1996 1564 ἄλλην
2058 1482 2209 1545 τινα

179 1588 487 1672 ἄτυχίην.
579 1588 660 1652 οὐ
705 1586 930 1672 μέντοι
985 1610 1061 1670 γε
1115 1585 1201 1651 ἂν
1252 1583 1552 1671 ἔγραφον
1603 1583 1754 1671 περὶ
1807 1588 2049 1653 τούτου
2103 1611 2209 1652 το-

180 1703 423 1778 σαῦτα,
470 1697 530 1760 εἰ
565 1696 653 1778 μὴ
691 1687 766 1759 εὖ
787 1690 928 1786 ,μὲν
961 1691 1151 1780 ᾔδειν
1187 1691 1581 1779 ἀσύμφορον
1627 1691 1869 1757 έοῦσαν
1913 1694 2035 1776 τὴν
2071 1691 2209 1758 ἐπί-

183 1802 404 1884 δεσιν,
451 1802 740 1885 συχνοὺς
787 1796 862 1865 δὲ
898 1798 1109 1875 οὕτως
1152 1799 1600 1885 ἰητρεύοντας·
1646 1797 1990 1884 ἐπίκαιρον
2024 1795 2098 1864 δὲ
2133 1800 2208 1863 τὸ
2237 1825 2287 1868 15

182 1906 625 1992 ἄπομάθημα·
707 1907 1074 1993 μαρτύριον
1128 1902 1202 1971 δὲ
1255 1915 1376 1971 τοῦ
1431 1905 1653 1993 ὀρθῶς
1705 1905 2085 1992 γεγράφθαι
2128 1907 2209 1971 τὰ

177 2016 490 2099 πρόσθεν
533 2012 980 2100 γεγραμμένα,
1035 2014 1164 2078 εἴτε
1207 2000 1489 2095 μάλιστα
1541 2012 1806 2081 πιεστέα
1848 2014 1928 2078 τὰ
1973 2015 2208 2097 κατήγ-

176 2143 360 2205 ματα
405 2126 536 2185 εἴτε
550 2121 828 2204 (ἥκιστα.

322 2226 429 2291 26.
489 2227 634 2312 Χρὴ
693 2225 790 2310 δέ,
848 2226 938 2303 ὡς
982 2224 1059 2292 ἐν
1102 2228 1436 2314 κεφαλαίῳ
1490 2228 1828 2312 εἰρῆσθαι,
1888 2218 2068 2292 οἷσιν
2121 2226 2206 2293 ἂν

176 2334 272 2417 μὴ
326 2330 628 2411 ἐπίδοξος
670 2324 715 2420 ᾗ
760 2332 799 2417 ἡ
844 2343 980 2397 τῶν
1026 2331 1273 2397 ὀστέων
1329 2331 1686 2410 ἀπόστασις
1731 2337 2031 2416 ἔσεσθαι,
2084 2333 2206 2415 τὴν
2233 2360 2286 2400 80

176 2439 399 2522 αὐτὴν
473 2440 766 2525 ἰητρείην
839 2438 1197 2523 ἰητρεύειν,
1275 2439 1492 2525 ὥσπερ
1567 2430 1746 2504 οἷσιν
1817 2436 2013 2504 ὀστέα
2082 2435 2204 2521 μὲν

335 2670 362 2717 1
403 2660 548 2721 εἶναι
574 2666 637 2721 τὸ
676 2664 782 2721 ἕλκ.
813 2664 1068 2733 681.11).,
1113 2665 1176 2720 τὸ
1215 2664 1321 2720 ἕλκ.
1353 2660 1499 2720 εἶναι
1527 2665 1686 2718 codd.
1761 2668 2045 2726 δακνῶδες
2080 2663 2200 2719 681.

173 2737 258 2791 11).
371 2756 432 2790 τε
469 2735 712 2803 681.11).,
753 2735 816 2792 δὲ
853 2737 1012 2791 codd
1122 2739 1274 2805 post
1286 2737 1481 2791 ἀνεκπ.
1519 2735 1647 2789 8(1(1.
1687 2731 1832 2790 εἶναι
1870 2736 2055 2802 οο(1(1.,
2095 2753 2202 2790 om.

177 2806 415 2862 681.11).
526 2813 557 2861 2
596 2804 654 2863 δ’
686 2805 758 2877 ἢν
794 2806 925 2877 μέλη
954 2806 1075 2861 681.
1104 2807 1180 2860 11).
1209 2824 1311 2876 pro
1349 2806 1411 2863 δὲ
1447 2807 1545 2861 καὶ
1579 2806 1653 2876 μὴ
1690 2805 1830 2876 μέλλ.
1905 2807 2202 2862 συστατικὰ

174 2895 287 2949 pro
335 2879 527 2932 ἀποστ.
567 2876 690 2933 681.
717 2878 794 2932 11).
975 2883 1007 2932 3
1051 2897 1130 2933 πυ
1134 2878 1444 2946 ρετῶδεςΒ
1399 2877 1542 2931 Μ
1551 2876 1618 2945 Ὺ
1671 2881 1927 2945 πυρῶδες
1968 2878 2043 2932 B⁸
2080 2877 2201 2932 Gal.

176 2966 382 3005 comm.
545 2954 579 3001 4
616 2948 680 3005 δὲ
716 2967 820 3003 om.
853 2948 973 3002 681.
1003 2949 1064 3003 in
1102 2947 1505 3003 citz.1.1.5
1543 2946 1946 3018 ἐπιδεομένοισι
1982 2949 2042 3002 Μ
2078 2948 2200 3003 681.

174 3020 258 3074 11).
428 3024 457 3073 7
497 3019 815 3091 ἐπιγένηται
849 3021 921 3086 Β,
979 3018 1096 3091 -γγί
1097 3041 1145 3075 ν.
1185 3018 1413 3074 681.11).
1572 3023 1606 3073 8
1642 3021 1958 3090 παλιγκ(ινκ
2002 3020 2199 3091 Β)οτέη

176 3091 375 3157 codd„
412 3089 581 3145 mim
590 3042 782 3163 yuovk‘y
821 3063 1005 3145 (1811.
1038 3091 1074 3144 1.
1220 3096 1252 3144 9
1291 3089 1354 3146 δὲ
1392 3090 1513 3145 Gal.
1540 3090 1618 3145 ib
1718 3098 1905 3161 τρῶμα
1943 3108 2047 3146 om
2079 3076 2199 3146 Gal.

173 3162 258 3233 11).
386 3167 451 3215 10
488 3171 740 3217 τοιοῦτον
779 3161 1004 3217 681.11).
1106 3161 1417 3231 ἰητρεύουσι
1453 3161 1504 3216 V
1542 3161 1662 3216 681.
1690 3161 1766 3216 11).
1949 3169 2014 3217 12
2052 3158 2200 3218 εἶναι

177 3251 292 3288 om.
323 3232 443 3287 MV
513 3231 702 3289 αἰτίαν
731 3228 875 3288 εἶναι
902 3253 948 3286 τ.
981 3232 1172 3296 ἕλκους
1208 3231 1329 3286 681.
1358 3232 1435 3286 11).
1508 3232 1647 3288 ἀλλὰ
1676 3232 1901 3288 681.11).
2015 3238 2080 3287 13
2111 3235 2199 3288 εὐ-

173 3301 381 3376 τυχίην
418 3303 538 3357 681.
568 3303 645 3357 11).
734 3302 917 3429 (ξνέγ.
947 3303 1014 3372 Ὺ,
1052 3301 1126 3358 ἂν
1158 3303 1277 3427 {qk
1297 3303 1357 3356 M
1444 3302 1672 3360 τουτέου
1719 3305 1877 3358 codd.
2025 3309 2091 3356 14
2138 3304 2198 3357 εὐ

175 3395 283 3446 μεν
320 3375 481 3444 ἠδεῖν
517 3373 569 3429 V
889 3376 955 3429 πὶ
991 3374 1190 3443 καιρὸν
1343 3374 1466 3499 Β-ὃὲ
1461 3377 1624 3463 post
1667 3375 1807 3430 ἐπικ.
1850 3374 2059 3430 de1.B⁸

179 3452 250 3500 17
290 3465 367 3586 ἵὴτρ
371 3443 605 3569 όσθεΒΜ
751 3449 922 3500 17.18
958 3466 1096 3516 ητε
1174 3445 1389 3514 ,Βητε
1402 3467 1491 3518 ,ῃ
1525 3466 1625 3501 τε.
1704 3436 1781 3518 ,ᾗ
1816 3465 1874 3500 τε
1909 3445 2055 3497 Erm.

177 3524 250 3572 20
366 3534 458 3570 om

1816 3602 1880 3654 6*
