2588 3876
816 152 990 206 ΠΕΡΙ
1023 156 1279 208 Amen
1319 160 1401 208 19.
1433 159 1501 208 20
2091 151 2184 217 77¹

160 316 604 401 κρατήσουσιν
674 325 790 400 τῆς
853 316 1208 402 ἐπιδέσιος,
1272 316 1417 382 ἀλλ’
1478 317 1562 382 οὐ
1622 321 2174 402 κρατηθήσονται.

160 420 309 507 περὶ
354 416 438 488 οὗ
487 416 611 487 οὖν
657 422 694 488 ὁ
741 425 966 506 λόγος,
1013 422 1371 489 διατείνειν
1415 419 1491 490 εὖ
1536 420 1647 488 καὶ
1692 423 2178 509 ἀδιαστρέπτως

164 531 281 614 χρὴ
347 525 557 613 μηδὲν
618 529 1063 595 ἐπιλείποντα·
1134 531 1382 614 μεγάλη
1447 532 1571 616 γὰρ
1626 530 1667 615 ἡ
1728 530 2007 614 αἰσχύνη
2065 528 2177 594 καὶ

161 637 368 719 βλάβη
415 637 828 723 βραχύτερον
871 637 990 702 τὸν
1025 637 1239 723 μκηρὸν
1275 635 1633 714 ἀποδεῖξαι.
1706 635 1845 723 χεὶρ
1882 637 2005 718 μὲν
2049 637 2175 721 γὰρ

166 742 529 827 βραχυτέρη
575 742 894 826 γενομένη
940 741 1051 807 καὶ
1097 747 1567 829 συγκρυφθείη
1615 741 1699 807 ἂν
1744 741 1854 807 καὶ
1893 742 1975 808 οὐ
2011 742 2179 827 μέγα
2232 765 2257 805 5

168 850 236 912 τὸ
293 850 590 933 σφάλμα·
654 849 884 925 σκέλος
944 845 1017 913 δὲ
1073 850 1486 935 βραχύτερον
1543 852 1904 933 γενόμενον
1966 850 2181 935 χωλὸν

169 952 494 1031 ἀποδείξει
539 956 657 1019 τὸν
703 957 1092 1040 ἄνθρωπον·
1146 956 1219 1019 τὸ
1267 955 1394 1040 γὰρ
1440 951 1623 1038 ὑγιὲς
1675 955 1920 1041 ἐλέγχει
1973 978 2181 1043 παρα-

167 1060 518 1145 τιθέμενον
570 1064 982 1148 μακρότερον
1037 1061 1176 1127 ἐόν·
1257 1062 1426 1127 ὥστε
1479 1067 1805 1127 λυσιτελεῖ
1856 1063 1974 1127 τὸν
2031 1062 2182 1147 μέλ-

171 1172 361 1233 λοντα
404 1179 624 1246 κακῶς
671 1170 1095 1255 ἰητρεύεσθαι
1143 1167 1483 1254 ἀμφότερα
1520 1179 1881 1252 καταγῆναι
1922 1170 2004 1233 τὰ
2039 1168 2182 1233 σκέ-

177 1280 284 1339 λεα
317 1278 580 1359 μᾶλλον
615 1273 655 1357 ἢ
702 1275 776 1338 τὸ
821 1272 1074 1359 ἕτερον·
1125 1276 1481 1361 ἰσόρροπος
1517 1284 1688 1358 γοῦν
1722 1273 1807 1339 ἂν
1845 1275 1944 1357 εἴη
1986 1275 2184 1350 αὐτὸς
2212 1300 2263 1338 10

171 1378 397 1468 ἑωυτῷ.
495 1380 659 1463 ἐπὴν
714 1380 941 1464 μέντοι
1006 1382 1246 1457 ἱκανῶς
1301 1383 1780 1467 κατατανύσῃς,
1845 1386 2184 1468 κατορθω-

171 1488 453 1568 σάμενον
509 1488 632 1573 χρὴ
685 1497 861 1552 τοῖσι
914 1486 1198 1573 θέναρσι
1259 1498 1395 1552 τῶν
1449 1499 1688 1572 χειρῶν
1753 1487 2034 1552 ἐπιδεῖν,
2066 1489 2185 1553 τὸν

174 1592 366 1659 αὐτὸν
409 1596 686 1680 τρόπον,
733 1594 950 1679 ὥσπερ
996 1591 1107 1658 καὶ
1152 1595 1456 1678 πρόσθεν
1492 1593 1873 1679 γέγραπται,
1918 1592 2028 1658 καὶ
2069 1595 2185 1670 τὰς

175 1699 364 1784 ἀρχὰς
417 1702 866 1784 βαλλόμενον,
921 1700 1137 1785 ὥσπερ
1194 1706 1477 1784 εἴρηται,
1536 1697 1645 1763 καὶ
1700 1704 2065 1780 νεμόμενον
2119 1699 2186 1775 ές

175 1807 242 1870 τὸ
296 1808 435 1871 ἄνω
494 1815 574 1892 τῇ
632 1805 931 1871 ἐπιδέσει.
1020 1804 1130 1871 καὶ
1184 1805 1653 1892 ὑποκρινέσθω
1707 1806 1914 1870 ταύτὰ
1968 1807 2184 1891 ὥσπερ
2215 1829 2265 1869 15

177 1910 277 1977 καὶ
320 1915 646 2000 πρόσθεν,
686 1911 796 1978 καὶ
839 1917 1119 1979 πονείτω
1161 1914 1325 1978 κατὰ
1365 1911 1571 1978 ταύτὰ
1615 1910 1724 1978 καὶ
1763 1912 2027 1999 ῥηιζέτω
2078 1910 2187 1977 καὶ

176 2019 667 2107 μετεΙπιδείσθω
723 2021 1057 2097 ὡσαύτως·
1117 2018 1228 2085 καὶ
1288 2023 1649 2107 ναρθήκων
1706 2023 2072 2106 πρόσθεσις
2129 2020 2296 2103 ἡ484

185 2126 360 2210 αὐτή.
452 2127 847 2212 κρατύνεται
894 2123 968 2191 δὲ
1012 2127 1217 2212 μηρὸς
1236 2126 1337 2228 ,ἐν
1380 2129 1786 2209 πεντήκοντα
1829 2126 2120 2217 ἡμέρῃσι.

303 2234 408 2298 20.
489 2233 984 2319 Προσσυνιέναι
1058 2230 1131 2297 δὲ
1194 2235 1317 2319 χρὴ
1392 2231 1501 2297 καὶ
1565 2235 1748 2318 τόδε,
1822 2234 1921 2299 ὅτι
1985 2234 2190 2320 μηρὸς

179 2344 416 2421 γαῦσός
475 2340 654 2405 ἐστιν
700 2339 766 2416 ἐς
809 2341 884 2405 τὸ
931 2339 1050 2418 ἔξω
1107 2340 1304 2424 μέρος
1347 2337 1388 2422 ἢ
1436 2339 1504 2416 ές
1547 2341 1621 2403 τὸ
1675 2338 1803 2405 ἔσω
1849 2339 1959 2405 καὶ
2006 2340 2071 2417 ἐς
2113 2342 2189 2405 τὸ
2219 2366 2270 2404 20

182 2447 557 2532 ἔμπροσθεν
609 2450 861 2530 μᾶλλον
906 2446 947 2530 ἢ
1002 2446 1069 2522 ἐς
1111 2448 1498 2511 τοῦπισθεν.
1589 2446 1656 2522 ἐς
1700 2455 1905 2511 ταῦτα
1957 2449 2190 2511 τοίνυν

183 2553 256 2616 τὰ
298 2553 499 2640 μέρεα
535 2551 644 2617 καὶ
681 2552 1163 2639 διαστρέφεται,
1210 2551 1373 2635 ἐπὴν
1409 2555 1496 2636 μὴ
1542 2557 1754 2629 καλῶς
1802 2553 2189 2637 ἰητρεύηται.

181 2656 285 2723 καὶ
348 2661 432 2743 δὴ
497 2658 609 2723 καὶ
669 2659 834 2724 κατὰ
896 2669 1101 2725 ταῦτα
1162 2658 1600 2744 ἀσαρκότερος
1672 2658 1869 2735 αὐτὸς
1942 2656 2191 2723 ἑωυτοῦ

184 2762 377 2848 ἐστιν,
442 2766 608 2831 ὥστε
671 2762 830 2831 οὐδὲ
894 2767 1340 2851 συγκρύπτειν
1403 2765 1724 2829 δύνανται
1785 2764 1857 2830 ἐν
1914 2774 1991 2850 τῇ
2054 2764 2193 2829 δια-

183 2881 452 2957 στροφῇ.
542 2871 627 2954 ἢν
682 2867 804 2937 οὖν
859 2896 922 2936 τι
976 2881 1285 2937 τοιοῦτον
1334 2871 1739 2956 ὑποπτεύῃς,
1794 2892 2193 2956 μηχανοποι-
2222 2896 2272 2937 25

325 3035 354 3080 1
392 3027 728 3096 κρατήσουσι
755 3028 876 3082 MV
967 3035 997 3081 2
1026 3030 1156 3097 posi}
1183 3023 1244 3081 εὖ
1275 3028 1403 3081 add.
1434 3026 1581 3097 μάλα
1607 3028 1659 3080 Κ
1687 3028 1818 3081 Litt.
1848 3028 1994 3081 Erm.
2024 3028 2120 3098 Pq.

186 3098 556 3166 διαστρέπτως
590 3100 636 3152 Β
773 3106 804 3152 3
844 3102 975 3154 ante
1012 3100 1117 3171 χρὴ
1155 3099 1283 3151 add.
1325 3100 1398 3161 ὡς
1431 3099 1494 3166 Β,
1535 3099 1641 3152 del.
1672 3099 1747 3152 13³
1872 3106 1902 3153 5
1941 3121 2045 3170 γιν.
2076 3100 2196 3171 MV

284 3170 466 3239 ξυγκρ.
495 3170 616 3224 MV
724 3176 754 3225 6
794 3170 1019 3254 φλάσμα
1056 3171 1118 3237 Β,
1155 3174 1290 3225 mut.
1322 3171 1382 3223 in
1414 3170 1638 3240 σφάλμα
1675 3170 1750 3223 B³
1858 3177 1887 3224 7
1923 3176 2194 3238 παρατιθ.

188 3255 677 3379 ῗῗὲὲἔὲῥοῗιῗῖθὲ
705 3241 1285 3382 (Νιῖὓῇῗὲαἱεῗξέἷ,
1298 3242 1528 3366 {men}
1557 3243 2192 3378 '1‘3'2‘5‘”⁶³i⁸5⁸‘20‘532³3'mss.,

189 3382 361 3435 ταύτὰ
388 3383 518 3436 Litt.
630 3391 697 3438 16
734 3382 860 3439 κατ’
895 3383 1039 3438 αὐτὰ
1065 3384 1138 3449 Μ,
1177 3384 1323 3439 κατὰ
1357 3392 1533 3437 ταῦτα
1560 3384 1612 3438 V
1720 3389 1785 3438 18
1825 3384 1855 3438 ὁ
1894 3405 2016 3453 μηρ.
2047 3383 2194 3504 vul}

193 3452 331 3518 edd„
370 3453 400 3507 ὁ
438 3471 541 3508 om.
573 3456 752 3510 BMV
822 3455 1087 3525 ἡμέρῃσιν
1115 3455 1173 3507 Μ
1264 3461 1329 3508 19
1366 3455 1626 3522 προσξυν.
1658 3456 1815 3508 codd.
1914 3460 1981 3507 20
2011 3454 2122 3506 ἐστι

262 3529 328 3577 24
375 3526 554 3594 ξυγκρ.
592 3526 712 3581 MV
856 3533 921 3580 25
959 3524 1343 3598 μηχανοποιέε.
1383 3525 1540 3578 codd.
