2588 3876
339 135 424 200 58
1045 138 1218 189 ΠΕΡΙ
1259 137 1516 188 ΑΓΜΩΝ
1555 141 1604 191 7.
1634 140 1666 188 8

335 302 642 383 χειρίζειν
694 299 817 383 χρὴ
864 299 953 376 ὥς
996 321 1067 362 τε
1120 298 1513 383 ἀποβαίνειν
1566 297 1696 363 ἀπὸ
1750 306 1866 383 τῆς
1921 299 2177 382 δικαίης
2226 321 2363 382 χει-

337 404 561 490 ρίξιος.
653 404 690 469 6'
734 428 799 470 τι
851 402 908 469 δ’
956 403 1042 470 ἂν
1093 406 1183 489 μὴ
1236 404 1449 482 οὕτως
1501 404 1860 490 ἀποβαίνῃ,
1917 403 2167 470 εἰδέναι
2212 406 2360 490 χρὴ,

335 511 438 576 ὅτι
483 510 559 576 ἐν
601 520 680 597 τῇ
725 511 994 597 χειρίξει
1029 534 1094 576 τι
1139 508 1358 588 ἐνδεὲς
1392 502 1740 596 πεποίηται
1776 511 1817 595 ἢ
1854 514 2361 577 πεπλεόνασται.

333 615 431 682 ἔτι
469 618 545 682 δὲ
579 618 734 682 τάδε
765 619 888 704 χρὴ
917 617 1392 703 προσσυνιέναι
1420 616 1497 684 ἐν
1531 619 1743 706 τούτῳ
1771 626 1862 706 τῷ
1892 618 2078 705 ἁπλῷ
2107 620 2359 705 τρόπῳ,

280 749 305 789 5
334 723 377 788 ἃ
422 724 505 789 οὐ
549 724 756 809 κάρτα
809 723 1259 809 ἑπιμελέονται
1306 726 1371 789 02
1419 725 1660 811 ἰητροί,
1715 726 1929 790 καίτοι
1982 733 2201 790 πᾶσαν
2245 747 2361 807 με,-

332 829 527 914 λέτην
571 827 681 895 καὶ
726 840 943 896 πᾶσαν
989 830 1286 897 ἑπίδεσιν
1342 822 1452 896 οἷοὶ
1495 854 1566 896 τε
1612 832 2038 916 διαφθείρειν
2082 828 2219 896 ἐστὶ
2264 832 2358 914 μὴ

333 937 554 1022 ὀρθῶς
598 937 981 1022 ποιεύμενα·
1037 936 1122 1020 ἢν
1166 939 1293 1023 γὰρ
1340 938 1421 1002 τὰ
1465 937 1601 1021 μὲν
1634 935 1828 1003 ὀστέα
1872 938 2066 1022 ἄμφω
2103 947 2356 1022 καταγῇ

330 1043 373 1127 ἢ
416 1044 490 1108 τὸ
536 1044 709 1109 κάτω
759 1053 1037 1128 μοῦνον,
1090 1044 1128 1109 6
1176 1045 1252 1109 δὲ
1305 1042 1765 1129 ἐπιδεδεμένος
1819 1042 1893 1109 ἐν
1944 1045 2164 1130 ταινίῃ
2219 1042 2357 1108 τινὶ

329 1151 452 1233 τὴν
505 1160 691 1235 χεῖρα
752 1147 868 1241 ἔχῃ
932 1149 1493 1235 ἀναλελαμμένος,
1556 1151 1847 1236 τυγχάνῃ
1905 1151 1981 1215 δὲ
2032 1150 2073 1234 ἡ
2132 1152 2353 1234 ταινίη

252 1283 305 1323 10
331 1258 495 1321 κατὰ
540 1258 612 1322 τὸ
660 1257 957 1342 κάτηγμα
999 1258 1266 1342 πλείστη
1307 1257 1529 1341 ἐοῦσα,
1575 1254 1778 1322 ἔνθεν
1816 1257 1892 1322 δὲ
1926 1254 2034 1322 καὶ
2071 1252 2274 1322 ἔνθεν
2310 1257 2354 1339 ἡ

329 1361 470 1448 χεὶρ
518 1362 958 1448 ἀπαιωρῆται,
1002 1372 1245 1429 τοῦτον
1289 1363 1541 1448 ἀνάγκη
1590 1365 1664 1430 τὸ
1712 1363 1944 1430 ὀστέον
1989 1362 2357 1448 εὑρεθῆναι

331 1468 847 1554 διεστραμμένον
888 1467 1126 1554 ἔχοντα
1169 1472 1337 1556 πρὸς
1381 1472 1455 1536 τὸ
1502 1472 1638 1535 ἄνω
1674 1469 1897 1556 μέρος·
1960 1468 2045 1554 ἣν
2091 1466 2166 1534 δὲ
2201 1493 2358 1533 κατ-

330 1578 618 1658 εηγότων
672 1587 806 1642 τῶν
868 1575 1116 1641 ὀστέων
1188 1577 1400 1654 οὕτως
1463 1578 1673 1662 ἄκρην
1727 1600 1797 1642 τε
1849 1576 1971 1660 τὴν
2036 1585 2223 1660 χεῖρα
2275 1574 2356 1640 ἐν

326 1692 405 1767 τῇ
452 1684 669 1769 ταινύῃ
706 1679 820 1770 ἔχῃ
865 1681 977 1748 καὶ
1013 1683 1193 1768 παρὰ
1226 1684 1348 1748 τὸν
1383 1683 1668 1767 ἀγκῶνα,
1714 1683 1752 1748 6
1793 1684 1867 1748 δὲ
1901 1683 2101 1759 ἄλλος
2137 1692 2355 1767 πῆχυς

249 1814 299 1856 15
326 1788 650 1875 μετέωρος
696 1782 766 1876 ᾗ,
823 1784 1019 1865 οὗτος
1064 1789 1495 1875 εὑρεθήσεται
1539 1791 1613 1854 τὸ
1660 1788 1893 1854 ὀστέον
1942 1788 2010 1866 ἐς
2053 1790 2127 1854 τὸ
2172 1789 2352 1854 κάτω

327 1894 525 1984 μέρος
570 1894 1091 1981 διεστραμμένον
1135 1893 1322 1982 ἔχων.
1382 1898 1505 1982 χρὴ
1552 1890 1679 1962 οὖν
1724 1894 1798 1962 ἐν
1842 1898 2059 1983 ταινίῃ
2106 1896 2354 1973 πλάτος

325 2001 565 2087 ἐχούσῃ
610 2008 917 2088 μαλθακῇ
963 2004 1038 2067 τὸ
1085 2008 1397 2068 πλεῖστον
1441 2012 1562 2068 τοῦ
1607 2007 1847 2089 πήχεος
1883 2002 1993 2069 καὶ
2029 2004 2149 2068 τὸν
2191 2027 2354 2086 καρ-

325 2110 456 2173 πὸν
499 2118 614 2192 τῆς
658 2110 876 2194 χειρὸς
922 2108 1180 2193 ὁμαλῶς
1225 2111 1633 2196 αἰωρεῖσθαι.
1675 2111 1683 2192 Ι

219 2232 324 2279 444
461 2214 519 2279 8.
552 2211 683 2278 Ἢν
728 2204 801 2280 δὲ
844 2215 882 2280 6
927 2218 1222 2302 βραχίων
1265 2225 1536 2303 καταγῇ,
1581 2215 1666 2298 ἣν
1710 2215 1833 2300 μέν
1872 2238 1972 2292 τις
2019 2214 2353 2280 ἀποτανύ-

469 2395 497 2442 1
537 2387 836 2460 ἀποβαίνει
872 2390 992 2444 MV
1132 2397 1163 2444 2
1202 2388 1536 2462 ἀποβαίνειν
1572 2407 1674 2460 pro
1712 2411 1810 2464 -νῃ
1849 2391 1894 2444 Β
2030 2394 2061 2442 3
2098 2388 2154 2444 τί
2188 2390 2240 2444 V

325 2501 357 2547 4
401 2471 536 2551 τῗιδε
572 2495 635 2562 Β,
675 2512 708 2555 ς
746 2498 863 2566 (καὶ
881 2499 926 2566 *2)
975 2514 1043 2551 ss,
1082 2514 1228 2552 man.
1267 2497 1542 2567 posterior
1648 2498 1839 2567 προσξ.
1876 2497 1998 2551 MV
2143 2503 2174 2551 6
2221 2500 2351 2552 δια-

325 2571 559 2637 φθειρϊν
596 2567 658 2634 Β,
696 2571 833 2622 mut.
863 2568 922 2621 in
960 2572 1299 2638 διαφθεῖραι
1336 2568 1424 2636 B⁸,
1462 2573 1553 2624 δεῖ
1587 2566 1849 2638 φθείρειν
1886 2567 2007 2622 MV
2151 2574 2181 2622 7
2220 2588 2350 2622 ποι-

324 2638 660 2781 ΜἫΒ
684 2642 835 2763 ff·
851 2638 1519 2764 321·‘3²‘;⁷121?⁸X÷‘ffi⁷2⁷3
1555 2640 1681 2764 ¹³8„
1728 2644 1760 2692 ³
1797 2636 2351 2781 ῗῑέιεὲζέεῖοὲἔ

323 2779 631 2850 -καμμένηω
668 2780 788 2834 Gal.
819 2780 956 2836 ibid.
1042 2801 1144 2852 vvy
1183 2780 1307 2837 ἄνει
1343 2752 1464 2834 Mx'r
1500 2753 1620 2835 dal.
1651 2781 1789 2835 ibid.
1910 2787 1976 2835 10
2013 2782 2111 2836 καὶ
2147 2798 2252 2836 om.
2283 2753 2349 2834 Μ’

466 2856 528 2904 11
570 2852 926 2922 ἀπαιωρηται
952 2853 1014 2919 Β,
1047 2870 1115 2907 εει.
1179 2851 1527 2922 ποκρέμαται
1554 2852 1643 2920 B²‚
1663 2853 2002 2922 ἀπηώρηται
2027 2852 2093 2917 V,
2126 2853 2349 2907 ἀπαιω-

323 2920 513 2991 ρέηται
550 2925 652 2976 cet.
740 2924 803 2978 τὸ
843 2922 1029 2993 ἕτερον
1060 2923 1252 2980 ὀστέον
1282 2923 1403 2978 Gal.
1433 2923 1570 2977 ibid.
1720 2929 1785 2977 12
1822 2943 2044 2994 κατεαγ.
2074 2922 2198 2977 Gal.

325 2998 390 3046 13
430 2988 593 3057 οὗτος
627 2993 680 3047 V
766 3013 825 3049 τε
863 3011 968 3048 om.
1000 2994 1121 3048 Gal.
1270 3000 1338 3048 14
1377 2995 1488 3066 ἔχει
1524 2994 1570 3047 Β
1649 2996 1780 3063 περὶ
1815 3011 1916 3064 pro
1951 2993 2110 3063 παρὰ
2148 2994 2268 3047 Gal.

323 3060 450 3127 ὅλος
493 3080 595 3133 pro
642 3064 804 3128 ἄλλος
849 3064 968 3120 Gal.
1116 3071 1182 3120 15
1235 3068 1367 3120 ante
1412 3064 1680 3134 μετέωρος
1725 3065 1853 3120 add.
1894 3065 1965 3135 μὴ
2011 3065 2161 3135 vulg.
2202 3063 2344 3130 Gal„

311 3152 429 3201 om.
462 3134 648 3203 oodd.;
685 3138 982 3204 utramque
1009 3136 1333 3203 lectionem,
1372 3153 1498 3191 cum
1533 3136 1836 3207 negatione
1871 3139 1928 3190 et
1965 3136 2085 3189 sine
2124 3152 2207 3203 ea,
2246 3135 2347 3189 de-

319 3205 503 3260 fendit
540 3205 660 3259 Gal.
692 3222 885 3260 comm.
915 3212 1020 3261 415
1095 3200 1130 3280 ᾖ
1165 3224 1271 3262 om.
1301 3208 1347 3261 B
1430 3206 1605 3271 οὕτως
1639 3207 1685 3259 Β
1795 3214 1862 3262 16
1900 3210 2349 3278 διεστραμμενως

318 3276 440 3340 MV
526 3276 654 3348 ἔχον
691 3276 737 3329 Β
775 3277 895 3331 Gal.
933 3278 995 3331 in
1035 3278 1128 3333 eit.
1168 3284 1270 3332 818
1363 3279 1424 3334 ἐν
1458 3286 1526 3350 τῇ
1564 3298 1611 3333 τ.
1650 3278 1772 3333 Gal.
1811 3277 1948 3332 ibid.
2029 3276 2186 3351 τενίῃ
2224 3278 2347 3331 ΒΜ

464 3352 529 3401 17
576 3346 794 3419 πήχεως
838 3347 958 3402 MV
1102 3354 1167 3403 18
1215 3350 1524 3433 αἰωρϊσθαι
1567 3349 1641 3417 Β,
1692 3348 2030 3419 αἱωρέεσθαι
2066 3349 2127 3402 Μ
2172 3349 2344 3419 vulg„

321 3434 615 3503 αἱρέεσθαι
650 3435 703 3489 V
808 3438 937 3505 post
973 3438 1129 3506 αἰωρ.
1159 3438 1274 3493 tit:
1323 3442 1377 3492 Γ
1406 3440 1534 3508 περὶ
1572 3441 1869 3510 βραχιονος
1903 3457 2242 3508 καταγεντος
2274 3437 2343 3503 Β,

318 3526 377 3560 π.
416 3504 716 3577 βραχίονος
750 3506 869 3560 MV
1014 3514 1078 3561 19
1116 3516 1395 3580 καταιαγῆ
1431 3509 1477 3562 Β
