2588 3876
730 202 906 252 ΠΕΡΙ
938 201 1229 253 ΑΡΘΡΩΝ
1264 202 1625 253 ΕΜΒΟΛΗΣ
1659 205 1729 254 47
2112 200 2235 264 181

223 360 413 444 εἰσίν,
459 354 617 448 ᾗσιν
664 359 870 439 ἔξεστι
913 361 1024 428 καὶ
1061 361 1578 449 ἀσθενεστέρῃσι
1622 363 1732 427 καὶ
1781 361 2240 448 ἰσχυροτέρῃσι

221 474 506 551 χρῆσθαι
554 468 758 533 αὐτὸν
801 469 1213 554 ταμιεύοντα.
1296 468 1406 533 καὶ
1452 465 1575 553 μὲν
1621 470 1703 552 δὴ
1748 471 1858 534 καὶ
1903 472 2067 535 κατὰ
2113 471 2242 554 φύ-

223 590 328 638 σιν
354 598 427 657 γε
457 572 941 663 ἀναγκάΙζουσι·
980 577 1059 641 τὰ
1087 572 1209 660 μὲν
1229 578 1354 661 γὰρ
1386 575 1734 654 ἐξεστεῶτα
1762 576 1826 653 ἐς
1852 578 1974 660 τὴν
2001 578 2225 662 χώρην
2244 591 2349 639 210

222 680 567 765 ἀναγκάζει
623 681 664 765 ἡ
713 686 948 759 ἴπωσις
1004 682 1204 766 ἰέναι,
1258 684 1339 747 τὰ
1394 679 1468 747 δὲ
1524 687 2027 767 συνεληλυθότα
2080 687 2243 750 κατὰ

220 788 423 872 φύσιν
450 791 958 854 κατατείνουσιν
986 790 1054 854 αἱ
1082 791 1246 854 κατὰ
1276 790 1488 873 φύσιν
1516 790 1914 867 κατατάσιες.
1989 792 2244 856 οὔκουν
2297 814 2322 855 5

219 897 337 978 ἔχω
403 897 666 961 τούτων
735 895 1023 979 ἀνάγκας
1089 899 1404 973 καλλίους
1468 893 1627 962 οὐδὲ
1687 897 2128 983 δικαιοτέρας*
2202 899 2243 983 ἡ

219 1003 336 1087 γὰρ
382 1001 526 1068 κατ’
575 1004 785 1086 αὐτὴν
828 1005 952 1088 τὴν
997 1004 1305 1067 ἄκανθαν
1363 1005 1648 1089 ἰθυωρίη
1696 1014 1811 1088 τῆς
1855 1006 2245 1081 κατατάσιος

217 1109 524 1175 κάτωθέν
569 1132 641 1173 τε
687 1108 796 1174 καὶ
841 1111 1005 1174 κατὰ
1051 1112 1124 1174 τὸ
1173 1111 1356 1195 ἱερὸν
1402 1110 1635 1176 ὀστέον
1671 1113 2075 1194 καλεόμενον
2121 1112 2245 1176 οὐκ

217 1220 341 1300 ἔχει
371 1216 701 1300 ἐπιλαβὴν
730 1216 1077 1298 οὐδεμίαν·
1125 1218 1394 1283 ἄνωθεν
1423 1215 1496 1282 δὲ
1524 1216 1634 1282 καὶ
1662 1220 1825 1282 κατὰ
1853 1219 1971 1282 τὸν
2000 1217 2245 1301 αὐχένα

217 1324 321 1387 καὶ
357 1326 531 1388 κατὰ
569 1324 689 1406 τὴν
724 1325 1022 1407 κεφαλὴν
1058 1322 1381 1408 ἐπιλαβὴν
1426 1321 1549 1407 μὲν
1586 1328 1738 1408 ἔχει,
1786 1324 1951 1389 ἀλλὰ
1996 1323 2245 1389 ἐσιδεῖν
2274 1348 2326 1387 ιο

217 1454 284 1495 τε
338 1430 645 1515 ἀπρεπὴς
703 1431 906 1515 ταύτῃ
973 1429 1288 1514 γινομένη
1357 1431 1398 1514 ἡ
1460 1432 1812 1507 κατάτασις
1872 1432 1980 1496 καὶ
2046 1432 2247 1508 ἄλλας

215 1537 470 1620 βλάβας
519 1535 603 1600 ἂν
648 1538 1148 1621 προσπαράσχοι
1187 1542 1695 1602 πλεονασθεῖσα.
1770 1537 2135 1623 ἐπειρήθην
2173 1534 2249 1602 δὲ

214 1644 295 1727 δή
320 1665 492 1708 ποτε
517 1642 757 1707 ὕπτιον
784 1644 903 1708 τὸν
930 1645 1298 1728 ἄνθρωπον
1323 1645 1731 1708 κατατείνειν
1758 1643 1963 1708 ἀσκὸν
1990 1643 2248 1726 ἀφύση-

212 1774 327 1816 τον
373 1751 665 1825 ὑποθεὶς
709 1749 839 1814 ὑπὸ
886 1751 960 1814 τὸ
1005 1749 1269 1834 ὕβωμα,
1330 1750 1437 1814 καὶ
1484 1753 1706 1815 ἔπειτα
1752 1750 1931 1836 αὐλῷ
1977 1748 2049 1814 ἐκ
2094 1754 2247 1834 χαλ-

213 1862 399 1923 κείου
465 1854 532 1932 ἐς
587 1857 704 1920 τὸν
759 1855 967 1920 ἀσκὸν
1022 1857 1139 1920 τὸν
1193 1855 1634 1941 ὑποκείμενον
1697 1865 1922 1941 φῦσαν
1982 1853 2246 1920 ἐνιέναι.
2276 1877 2326 1918 15

213 1965 381 2030 ἀλλά
429 1988 547 2048 μοι
594 1963 716 2027 οὐκ
762 1964 1135 2048 εὐπορεῖτο·
1192 1964 1299 2028 ὅτε
1344 1960 1466 2045 μὲν
1511 1965 1637 2049 γὰρ
1686 1959 1759 2029 εὗ
1805 1967 2247 2044 κατατείνοιμι

211 2074 332 2137 τὸν
394 2072 802 2153 ἄνθρωπον,
860 2069 1108 2153 ἡσσᾶτο
1170 2069 1206 2134 ὁ
1268 2069 1469 2147 ἀσκὸς
1525 2071 1634 2135 καὶ
1694 2071 1817 2135 οὐκ
1870 2071 2161 2154 ἠδύνατο
2206 2070 2248 2153 ἡ

212 2188 403 2264 φῦσα
468 2175 1058 2259 ἐσαναγκάζεσθαι·
1116 2177 1227 2241 καὶ
1286 2178 1500 2253 ἄλλως
1556 2177 1824 2263 ἕτοιμον
1885 2176 1951 2254 ἐς
2009 2178 2083 2242 τὸ
2138 2200 2249 2242 πε-

215 2284 691 2371 ριολισθάνειν
736 2279 849 2368 ἦν,
897 2285 1009 2348 ἅτε
1057 2281 1125 2360 ἐς
1168 2285 1243 2347 τὸ
1293 2283 1454 2348 αὐτὸ
1501 2283 2032 2367 ἀναγκαζόμενον
2066 2285 2142 2348 τό
2180 2307 2250 2347 τε

143 2401 146 2404 ’
212 2401 333 2458 τοῦ
376 2391 749 2476 ἀνθρώπου
783 2390 790 2476 Ι
822 2389 1058 2475 ῧβωμα
1091 2391 1200 2455 καὶ
1247 2391 1321 2454 τὸ
1360 2399 1480 2455 τοῦ
1519 2390 1727 2455 ἀσκοῦ
1763 2389 2227 2475 πληρουμένου
2249 2400 2353 2447 212

211 2500 553 2585 κύρτωμα.
645 2490 752 2561 ὅτε
809 2494 866 2560 δ’
924 2491 1009 2560 αὖ
1065 2498 1151 2581 μὴ
1205 2497 1413 2581 κάρτα
1466 2499 1908 2580 κατατείνοιμι
1961 2497 2081 2560 τὸν
2136 2496 2248 2560 άν-
2278 2517 2330 2556 21

371 2661 401 2708 1
445 2645 592 2726 ’ᾖσκν
629 2652 735 2720 Μ’)
772 2652 888 2705 ΒΜ
1033 2659 1062 2706 2
1101 2652 1239 2724 χρέε
1279 2653 1401 2707 MV
1543 2660 1574 2706 3
1612 2653 2023 2723 ἀναγκάζουσιν
2060 2652 2180 2706 MV

223 2733 256 2780 4
297 2742 534 2786 ειπωσις
568 2724 638 2790 Β,
688 2724 902 2787 ἀπωσις
938 2725 1080 2790 MV,
1129 2746 1212 2795 γρ.
1251 2747 1301 2779 κ.
1340 2725 1375 2793 ἡ
1415 2723 1661 2786 ΐπωσις
1645 2744 1682 2778 1.
1720 2743 1792 2777 m.
1831 2725 1891 2777 M
2006 2725 2202 2793 ξυνελη
2205 2727 2249 2778 λ.

217 2798 344 2852 MV
495 2801 526 2849 5
571 2794 848 2850 τείνουσιν
884 2796 930 2848 Β
1075 2802 1106 2850 6
1152 2797 1365 2850 τούτων
1403 2795 1627 2864 scripsi,
1670 2794 1909 2850 τουτέων
1947 2796 2105 2849 codd

224 2874 253 2921 7
296 2866 449 2923 κατὰ
485 2866 537 2920 V
635 2866 775 2935 αὐτὴ
779 2886 811 2919 ν
849 2884 954 2919 om.
985 2866 1036 2919 V
1135 2867 1369 2921 ἄκανθα
1407 2867 1517 2920 εἶθ.
1546 2867 1592 2919 Β
1737 2871 1769 2919 8
1805 2868 1903 2921 καὶ
1939 2867 2071 2919 ante
2106 2866 2251 2920 κατὰ

221 2956 334 2994 om.
366 2938 420 2991 V
530 2942 577 2990 8.
610 2943 641 2990 9
681 2938 781 3007 οὐχ
819 2934 936 3005 ἥξει
965 2939 1057 2992 ἐπὶ
1085 2937 1312 3020 βλάβην
1325 2938 1461 3005 MV,
1500 2957 1581 3007 γρ.
1612 2959 1660 2991 κ,
1693 2938 1795 2992 οὐκ
1834 2937 1945 3008 ἔχει
1982 2937 2142 2992 ἐπιλα
2180 2938 2251 3006 ήν

221 3011 262 3065 i.
304 3009 642 3079 111.Μ,σχό
683 3009 919 3073 οὐκειξει
956 3011 1224 3080 επιβλαβη
1228 3029 1260 3062 ν
1297 3009 1332 3062 i.
1363 3027 1435 3062 m.
1473 3009 1519 3061 B
1682 3014 1711 3061 9
1762 3009 1894 3064 οὐδὲ
1929 3006 2064 3078 μίαν

222 3081 375 3135 solet
482 3081 580 3134 καὶ
618 3081 749 3132 ante
785 3079 929 3133 κατὰ
964 3097 1068 3133 om.
1099 3080 1283 3134 MVP
1374 3082 1504 3149 post
1541 3081 1664 3151 αὐχ.
1697 3080 1825 3133 add.
1855 3081 1953 3133 καὶ
1980 3080 2124 3134 κατὰ
2151 3081 2249 3135 τὸν

218 3173 331 3224 ανχ
336 3150 442 3206 ένα
480 3168 606 3204 cum
641 3151 864 3220 punctis
904 3151 1291 3220 superscriptis
1322 3155 1376 3204 Γ
1515 3156 1581 3204 10
1616 3102 1737 3204 ἀλλ’
1772 3150 1892 3204 MV
1999 3150 2055 3213 ἐς
2091 3151 2211 3219 ἰδεὴ
2216 3172 2250 3204 ν

220 3224 297 3290 Β,
299 3174 398 3285 χές
437 3221 659 3292 ἰδέει(εη
698 3221 839 3292 M²>v
877 3222 1002 3276 ΜΓ
1068 3220 1300 3276 ἐσιδέειν
1337 3221 1388 3274 V
1516 3228 1579 3275 11
1620 3241 1680 3291 γε
1717 3221 1784 3288 V,
1821 3241 1879 3276 τε
1916 3221 2017 3289 M1,
2055 3237 2249 3276 rasum

220 3296 365 3347 mut.
405 3293 466 3346 in
514 3313 574 3363 γε
721 3298 786 3345 12
831 3292 1154 3365 προσπαρέχ
1158 3313 1211 3347 οι
1258 3293 1341 3359 Μ,
1398 3292 1633 3364 παρέχοι
1669 3292 1721 3346 V
1839 3293 2093 3361 ἐπειράθ.
2132 3293 2178 3344 Β

223 3364 538 3433 ἐπειρήθην
579 3407 589 3417 .
624 3407 634 3417 .
667 3405 678 3415 .
716 3364 1043 3434 παραλλαγή
1080 3314 1154 3433 (px.
1186 3368 1304 3429 182,
1338 3366 1425 3434 11)
1465 3381 1569 3417 om
1610 3368 1664 3418 Γ
1804 3370 1868 3416 13
1916 3361 2248 3424 κατατείνας

221 3436 270 3488 Β
421 3440 487 3487 14
541 3435 840 3498 ὑποτεθεις
893 3436 939 3488 Β
1066 3435 1198 3489 udin.
1254 3406 1375 3488 MV
1521 3439 1719 3488 14.15
1775 3432 2006 3522 χαλκίον
2059 3433 2105 3485 Β

226 3512 293 3560 15
335 3505 526 3575 φύσαν
553 3505 605 3559 V
696 3504 866 3560 ἐνιεῖν
895 3505 1014 3558 MV
1151 3510 1216 3559 18
1257 3506 1411 3574 φύσα
1448 3505 1499 3559 V
1592 3504 2011 3573 ἀναγκάζεσθαι
2046 3503 2092 3554 Β
2193 3500 2251 3559 ἐς

223 3577 288 3631 τὸ
330 3594 437 3630 om.
476 3575 596 3629 MV
741 3581 807 3629 20
845 3576 906 3629 τὸ
947 3593 1052 3629 om.
1092 3576 1143 3629 V
