2588 3876
851 112 1014 169 KAT'
1053 91 1401 169 [HTPEION
1436 120 1501 168 12
2104 113 2190 178 39

198 277 253 344 δ’
298 279 361 355 ἐς
406 280 793 367 διόρθωσιν,
847 289 1053 364 μῆκος
1096 284 1492 361 κυκλεῦντα,
1542 277 1788 353 πλάτος
1831 275 1941 342 καὶ
1986 277 2195 362 πάχος

195 396 268 471 τῇ
310 385 524 473 ἐνδείῃ
559 387 1050 472 τεκμαίρεσθαι,
1095 387 1183 470 μὴ
1230 384 1450 471 ἀθρόα
1492 388 1897 471 πληροῢντα·
1942 395 2077 449 τῶν
2123 381 2185 447 δ’

194 492 482 559 ὀθονίων
514 492 952 575 ὑποδεσμίδες
989 490 1117 556 εἰσὶ
1156 491 1301 574 δύο,
1338 500 1416 576 τῇ
1452 491 1676 577 πρώτῃ
1715 488 1785 554 ἐκ
1820 497 1939 569 τοῦ
1978 492 2198 567 σίνεος
2284 550 2290 557 ,

197 598 258 676 ἐς
298 600 370 664 τὸ
416 600 550 664 ἄνω
595 599 986 683 τελευτώσῃ,
1031 607 1108 683 τῇ
1157 594 1232 662 δὲ
1277 595 1548 684 δευτέρῃ
1596 596 1667 661 ἐκ
1709 605 1830 661 τοῦ
1865 586 2095 673 ’σίνεος
2131 594 2198 673 ἐς

198 706 265 771 τὸ
308 706 502 790 κάτω,
548 703 620 773 ἐκ
663 713 786 770 τοῦ
831 704 1005 769 κάτω
1053 703 1120 781 ἐς
1165 705 1237 769 τὸ
1285 705 1421 769 ἄνω
1468 705 1856 789 τελευτώσῃ·
1910 703 1989 766 τὰ
2033 704 2198 767 κατὰ
2251 731 2278 772 5

198 812 265 876 τὸ
307 816 492 889 σίνος
535 810 778 891 πιέζειν
820 811 1122 894 μάλιστα,
1165 810 1398 894 ἥκιστα
1441 811 1520 875 τὰ
1568 810 1755 896 ἄκρα,
1799 811 1879 874 τὰ
1915 806 1989 874 δὲ
2033 809 2199 875 ἄλλα

198 920 349 983 κατὰ
393 904 615 1001 λόγον.
686 917 727 1001 ἡ
776 914 850 982 δὲ
896 916 1185 993 ἐπίδεσις
1227 918 1400 981 πολὺ
1445 924 1568 981 τοῦ
1602 915 1826 1000 ὑγιέος
1868 919 2200 1002 προσλαμ-

196 1024 456 1107 βανέτω.

313 1131 723 1215 Ἐπιδέσμων
768 1128 843 1196 δὲ
878 1136 1157 1217 πλῆθος,
1200 1140 1428 1215 μῆκος,
1471 1130 1740 1207 πλάτος·
1785 1133 2046 1213 πλῆθος
2079 1125 2203 1213 μὲν

197 1239 275 1323 μὴ
302 1239 635 1323 ἡσσᾶσθαι
662 1246 783 1303 τοῦ
821 1241 1060 1321 σίνεος,
1095 1232 1261 1321 μηδὲ
1296 1234 1624 1323 νάρθηξιν
1652 1235 1971 1323 ε’νέρεισιν
2009 1230 2202 1319 εἶναι,
2230 1266 2284 1305 ιο

197 1343 348 1429 μηδὲ
382 1346 617 1431 ἄχθος,
661 1340 828 1430 μηδὲ
861 1346 1275 1431 περίρρεψιν,
1321 1342 1474 1428 μηδ’
1519 1342 1953 1428 ἐκθήλυνσιν·
1999 1351 2204 1426 μῆκος

201 1449 269 1516 δὲ
292 1452 398 1518 καὶ
425 1452 675 1529 πλάτος
707 1462 915 1538 τριῶν
940 1449 981 1534 ’ἢ
1008 1451 1348 1536 τεσσάρων
1387 1450 1395 1533 Ι
1435 1449 1476 1533 ἢ
1513 1448 1708 1515 πέντε
1742 1448 1783 1533 ἢ
1820 1445 1886 1526 ἓξ
1923 1450 2186 1533 πήχεων
2207 1468 2316 1516 314

198 1554 312 1642 μὲν
360 1568 598 1643 μῆκος,
662 1559 1008 1623 δακτύλων
1063 1552 1138 1622 δὲ
1190 1557 1454 1633 πλάτος.
1541 1554 1652 1620 καὶ
1713 1557 2207 1641 παραιρήματος

199 1663 539 1750 περιβολαὶ
583 1673 896 1729 τοσαῦται
942 1664 1108 1728 ὥστε
1153 1663 1242 1746 μὴ
1287 1661 1548 1741 πιέζειν.
1620 1661 1930 1745 μαλθακὰ
1976 1659 2071 1744 δέ,
2117 1662 2205 1745 μὴ

199 1770 417 1856 παχέα·
463 1771 682 1837 πάντα
718 1779 923 1835 ταῦτα
961 1769 1050 1846 ὡς
1087 1767 1193 1834 ἐπὶ
1229 1771 1419 1853 μήκει
1454 1766 1566 1833 καὶ
1601 1768 1831 1832 πλάτει
1866 1765 1977 1832 καὶ
2012 1767 2205 1850 πάχει
2235 1795 2286 1837 15

200 1887 310 1943 τοῦ
352 1880 711 1955 παθόντος.
782 1877 1117 1964 νάρθῃκες
1160 1872 1234 1941 δὲ
1281 1880 1466 1960 λεῖοι,
1513 1874 1769 1961 ὁμαλοί,
1816 1875 2016 1958 σιμοί,
2059 1871 2199 1938 κατ’

201 1985 357 2071 ἄκρα
410 1993 668 2072 σμικρῷ
721 1987 950 2070 μείους
1002 1987 1207 2049 ἔνθεν
1257 1981 1370 2048 καὶ
1423 1980 1627 2049 ἔνθεν
1675 1990 1791 2065 τῆς
1845 1979 2210 2058 ἐπιδέσεως.

201 2092 552 2175 παχύτατοι
600 2088 675 2157 δὲ
719 2083 762 2178 ᾗ
807 2089 1072 2176 ἐξήριπε
1113 2091 1188 2155 τὸ
1234 2090 1548 2174 κάτηγμα.
1633 2089 1835 2155 ὁκόσα
1883 2084 1957 2152 δὲ
2002 2089 2212 2173 κυρτὰ

200 2196 302 2261 καὶ
363 2200 621 2285 ἄσαρκα
685 2199 885 2282 φύσει
950 2195 1480 2282 φυλασσομένων
1540 2206 1675 2261 τῶν
1732 2194 2211 2281 ὑπερέχοντων,

202 2294 340 2369 οἷον
390 2306 465 2369 τὸ
523 2305 687 2369 κατὰ
744 2304 1112 2380 δακτύλους
1157 2302 1198 2386 ’ἢ
1253 2302 1509 2388 σφυρά,
1568 2302 1609 2387 ἢ
1664 2312 1742 2387 τῇ
1796 2300 1983 2367 θέσει
2036 2299 2077 2385 ἢ
2133 2310 2210 2386 τῇ
2240 2329 2295 2369 20

335 2501 363 2549 1
404 2495 467 2551 δὲ
507 2495 566 2549 Μ
636 2498 945 2551 κυκλεῦντα
971 2494 1078 2547 ΗΡ
1105 2494 1237 2548 Litt.
1268 2494 1385 2563 Pq.‚
1416 2516 1472 2557 -ς
1499 2496 1601 2547 cet.
1675 2492 1759 2547 πά
1798 2514 1879 2548 .κ.
1899 2491 2057 2547 πλάτ.
2083 2491 2143 2544 Μ

204 2569 234 2616 2
268 2565 402 2636 μηδὲ
439 2566 502 2620 Μ
570 2570 891 2637 πληροῦντα
928 2566 1141 2635 scripsi,
1181 2574 1376 2621 -εῢντα
1411 2563 1478 2632 V,
1515 2573 1742 2628 -εῢντας
1833 2563 1892 2617 Μ
1982 2568 2014 2616 3
2053 2562 2133 2625 εἰς
2166 2561 2214 2616 Β

205 2641 334 2691 3-5
369 2637 405 2706 ἡ
443 2638 637 2707 πρώτη
669 2679 680 2692 .
713 2680 724 2690 .
759 2680 769 2690 .
797 2640 1127 2704 τελευτῶσα,
1166 2636 1203 2705 ἡ
1241 2636 1304 2693 δὲ
1351 2633 1580 2705 δευτέρη
1617 2633 1653 2704 ἡ
1690 2636 1752 2690 ἐκ
1783 2678 1793 2688 .
1828 2678 1838 2688 .
1872 2677 1882 2687 .
1911 2636 2215 2688 τελευτῶσα

203 2705 337 2761 th.
485 2716 519 2763 4
553 2707 624 2763 τὰ
661 2724 762 2777 pro
798 2708 861 2763 τὸ
890 2707 949 2761 Μ
1042 2714 1073 2762 5
1106 2707 1176 2762 τὰ
1205 2710 1337 2761 ante
1364 2706 1509 2762 κατὰ
1544 2723 1651 2761 om.
1672 2704 1890 2771 B¹MV‚
1921 2704 2049 2760 add.
2077 2703 2215 2757 B⁸H

303 2785 335 2833 6
363 2788 468 2835 σῖν.
491 2778 566 2846 Μ,
595 2780 749 2843 σινὸς
774 2778 826 2833 V
887 2778 957 2833 τὰ
987 2781 1118 2833 ante
1146 2778 1234 2833 ἄκ.
1264 2795 1371 2832 om.
1401 2777 1461 2830 M
1524 2775 1580 2833 δ’
1604 2776 1724 2830 MV
1817 2781 1846 2829 7
1872 2777 2053 2831 πουλὺ
2084 2775 2144 2827 Μ

206 2853 267 2901 11
299 2849 436 2919 μηδὲ
467 2849 591 2904 ἐκθ.
621 2849 681 2903 Μ
752 2850 1053 2918 ἐκθήλκυσιν
1080 2850 1132 2904 V
1224 2855 1288 2902 12
1318 2848 1382 2904 δὲ
1408 2866 1514 2904 om.
1545 2847 1596 2901 V
1666 2866 1744 2917 πη
1783 2845 1889 2903 έων
1918 2846 1970 2900 V
2061 2851 2126 2900 13
2156 2845 2219 2900 αἱ

204 2935 298 3041 {ro
325 2922 423 2975 καὶ
459 2919 644 2975 Chart.
674 2921 819 2975 th.
892 2940 1272 2989 παρερεματος
1307 2919 1371 2986 Β,
1407 2917 1703 2989 παραιρέμ.
1735 2869 1870 2985 ΜΨ,
1907 2915 2215 2987 παραιρήμ.

247 2990 330 3046 itt.
361 2991 486 3045 coll.
518 2991 687 3046 schol.
718 2991 888 3045 Thuc.
920 2998 970 3058 4,
999 2997 1085 3059 48,
1121 2988 1475 3061 παρέρματος
1509 2990 1656 3061 vulg.
1688 2988 1810 3044 Gal.
1959 2993 2025 3043 14
2062 2988 2220 3057 ἄμει-

205 3080 304 3116 νον
338 3061 403 3117 δέ
440 3063 589 3118 ἐστιν
628 3061 758 3127 ἴσως
794 3063 921 3118 ἀντὶ
954 3071 1055 3117 τοῦ
1091 3071 1338 3118 τοσαῦτα
1370 3069 1603 3117 τοιαῦτα
1641 3060 1762 3115 Gal.
1793 3064 1898 3114 830
2007 3060 2081 3124 ὡς
2114 3076 2218 3130 pro

209 3128 337 3188 ὥστε
374 3132 496 3186 Gal.
525 3133 661 3187 ibid.
812 3138 893 3187 14.
926 3139 992 3187 15
1031 3136 1163 3188 ante
1199 3133 1272 3203 μὴ
1308 3151 1440 3204 παχ.
1481 3150 1550 3186 se.
1590 3133 1687 3188 καὶ
1721 3131 1797 3184 13³
1940 3135 2005 3185 15
2041 3138 2221 3186 ταῦτα

206 3201 388 3260 πάντα
424 3204 486 3257 Μ
629 3210 711 3258 16.
746 3209 811 3258 17
848 3201 976 3259 κατ’
1008 3204 1062 3259 ἄ.
1102 3203 1222 3258 Gal.
1255 3209 1358 3258 833
1396 3203 1565 3274 vulg„
1601 3199 1727 3258 κατ’
1770 3219 1874 3257 om.
1916 3200 2074 3257 codd.

213 3276 272 3325 1⁷
310 3276 407 3329 καὶ
443 3275 614 3331 ἔνθεν
651 3292 756 3330 om.
786 3274 846 3327 M
917 3272 1218 3339 ἐπιδόσεως
1252 3275 1304 3329 V
1414 3279 1479 3327 18
1517 3272 1553 3343 ἢ
1591 3273 1643 3328 V
1713 3269 1960 3344 ἐξηίόιπε
1995 3272 2058 3339 Β,
2098 3270 2221 3338 ἐξή-

209 3362 331 3410 ριπε
366 3345 441 3414 Μ,
480 3345 730 3416 ἐξήρειπε
764 3345 816 3400 V
924 3345 1013 3401 ὄπ.
1052 3346 1229 3400 BMV
1376 3352 1440 3399 19
1480 3346 1617 3414 φύσι
1652 3345 1698 3398 Β
1798 3341 2220 3413 φυλασσόμενον

210 3411 325 3468 MV
429 3421 500 3470 20
533 3417 597 3472 τὸ
633 3417 724 3485 13¹,
760 3418 897 3471 mut.
926 3417 988 3470 in
1021 3416 1094 3472 τὰ
1128 3417 1218 3484 13²,
1257 3434 1363 3470 om.
1393 3416 1445 3470 V
1516 3413 1552 3483 ἢ
1591 3416 1723 3469 ante·
1748 3423 1815 3486 τῇ
1843 3418 1904 3469 θ.
1943 3429 2048 3466 om.
2079 3409 2215 3472 MV,

212 3503 269 3553 ηι
301 3485 347 3538 Β
417 3484 454 3555 ἢ
491 3489 619 3556 post
653 3492 715 3543 θ.
754 3504 859 3542 om.
888 3488 1041 3556 B¹V‚
1078 3505 1148 3543 ss.
1177 3488 1286 3541 13³-
