2588 3876
378 149 505 214 122
895 153 1069 203 ΠΕΡΙ
1092 151 1392 204 ΑΡΘΡῼΝ
1426 152 1785 203 ΕΜΒΟΛΗΣ
1822 153 1853 202 8

375 311 486 377 καὶ
531 311 966 397 ἐξαρθρέουσι
1012 313 1313 397 μάλιστα,
1361 314 1420 377 εῑ
1466 314 1549 395 δή
1593 335 1657 376 τι
1702 309 1813 376 καὶ
1857 312 2123 377 τοιοῦτο
2172 311 2278 375 δεῖ
2324 308 2405 376 ἑν

377 422 633 504 ἰητρικῇ
682 420 957 503 γράψαι·
1019 419 1156 503 [δεῖ
1198 419 1331 503 δέ]
1379 423 1592 495 καλῶς
1639 420 1763 503 γὰρ
1795 415 2080 504 Ὅμηρος
2124 440 2405 502 καταμε-

374 526 631 611 μάθηκε
689 526 789 590 ὅτι
842 526 1110 590 πάντων
1154 536 1288 590 τῶν
1342 525 1699 609 προβάτων
1734 527 1885 608 βόες
1919 525 2204 608 μάλιστα
2249 523 2406 589 άτο-

372 631 604 697 νέουσι
655 632 905 714 ταύτην
957 632 1078 715 τὴν
1124 632 1306 717 ὥρην
1350 629 1462 695 καὶ
1498 634 1677 714 βοῶν
1722 631 1787 695 οἱ
1834 630 2085 714 ἀρόται,
2132 631 2235 696 ὅτι
2283 632 2404 696 τὸν

322 762 346 803 5
375 749 662 822 χειμῶνα
733 737 1134 822 ἐργάζονται.
1240 738 1537 803 τούτοισι
1609 741 1845 803 τοίνυν
1919 735 2028 801 καὶ
2103 736 2404 802 ἐκπίπτει

373 844 681 927 μάλιστα·
745 838 933 910 οὗτοι
970 847 1096 929 γὰρ
1133 844 1416 929 μάλιστα
1459 845 1912 909 λεπτύνονται.
1986 844 2067 908 τὰ
2110 839 2234 927 μὲν
2272 845 2400 930 γὰρ

375 953 544 1016 ἄλλα
584 954 887 1037 ,πρόβατα
933 952 1211 1016 δύναται
1256 952 1577 1035 βραχεῖαν
1610 951 1735 1033 τὴν
1770 954 1971 1033 ποίην
2004 952 2402 1032 βόσκεσθαι,

372 1059 541 1140 βοῦς
576 1054 651 1123 δὲ
697 1058 776 1123 οὐ
822 1057 1016 1141 μάλα,
1061 1058 1223 1143 πρὶν
1268 1061 1514 1141 βαθεῖα
1558 1056 1851 1141 γένηται·
1895 1067 2065 1121 τοῖσι
2108 1053 2232 1141 μὲν
2271 1058 2400 1141 γὰρ

373 1164 637 1230 ἄλλοισι
682 1163 821 1229 ἐστὶ
868 1164 1067 1247 λεπτὴ
1113 1159 1237 1247 μὲν
1281 1164 1322 1247 ἡ
1369 1166 1666 1249 προβολὴ
1711 1171 1832 1228 τοῦ
1879 1165 2148 1247 χείλεος,
2194 1164 2399 1247 λεπτὴ

297 1296 349 1336 10
377 1266 452 1335 δὲ
496 1272 536 1354 ἡ
583 1272 721 1336 ἄνω
768 1271 1053 1354 γνάθος,
1110 1271 1219 1352 βοὶ
1277 1266 1353 1334 δὲ
1397 1279 1634 1354 παχεῖα
1676 1270 1799 1351 μὲν
1843 1269 1884 1353 ἡ
1930 1270 2227 1353 προβολὴ
2276 1278 2398 1335 τοῦ

374 1379 652 1462 χείλεος,
715 1388 950 1461 παχεῖα
1016 1378 1091 1442 δὲ
1144 1375 1255 1442 καὶ
1309 1375 1591 1461 ἀμβλεῖα
1643 1377 1684 1461 ἡ
1740 1377 1876 1441 ἄνω
1933 1375 2216 1459 γνάθος·
2286 1377 2400 1441 διὰ

372 1491 578 1547 ταῦτα
611 1482 1019 1565 ὑποβάλλειν
1062 1483 1194 1548 ὑπὸ
1240 1484 1358 1559 τὰς
1402 1484 1711 1566 βραχείας
1745 1484 1938 1559 ποίας
1976 1482 2057 1547 οὐ
2097 1483 2401 1547 δύναται.

372 1590 453 1653 τά
497 1594 566 1654 τε
612 1584 698 1654 αὖ
744 1590 1047 1673 μώνυχα,
1095 1591 1207 1654 ἅτε
1254 1588 1643 1672 άμφόδοντα
1690 1587 1901 1672 ἐόντα,
1948 1590 2229 1653 δύναται
2275 1585 2402 1671 μὲν

374 1696 747 1780 σαρκάζειν,
805 1696 1083 1760 δύναται
1141 1696 1215 1763 δὲ
1268 1696 1400 1761 ὑπὸ
1457 1696 1579 1777 τὴν
1622 1697 1939 1780 βραχεῖαν
1985 1697 2188 1778 ποίην
2231 1694 2402 1761 ὑπο-

290 1828 342 1869 15
370 1803 641 1885 βάλλειν
685 1804 841 1879 τοὺς
888 1803 1196 1886 ὀδόντας,
1252 1803 1360 1866 καὶ
1416 1803 1644 1886 ἥδεται
1697 1811 1774 1887 τῇ
1822 1802 2092 1887 τοιαύτῃ
2139 1806 2403 1886 μᾶλλον

276 1934 282 1941 ’
368 1907 408 1992 ἢ
456 1918 534 1995 τῇ
588 1912 859 1996 βαθείῃ·
923 1910 1030 1975 καὶ
1094 1911 1220 1996 γὰρ
1285 1910 1360 1974 τὸ
1421 1908 1670 1981 ἐπίπαν
1733 1907 2022 1990 ἀμείνων
2084 1906 2197 1973 καὶ
2254 1926 2400 1974 στε-

357 2016 652 2101 ρεωτέρη
699 2017 740 2101 ἡ
795 2020 1068 2102 βραχεῖα
1111 2019 1267 2100 ποίη
1322 2026 1438 2099 τῆς
1465 2002 1796 2100 βαθείης,
1859 2013 2012 2080 ποτὶ
2065 2013 2178 2080 καὶ
2231 2014 2399 2101 πρὶν

472 2195 476 2197 ’
515 2179 542 2226 1
584 2173 887 2241 ἐξαρθρευ-
914 2173 959 2226 Β
1033 2175 1094 2227 δἰ·
1118 2173 1208 2238 13¹,
1237 2175 1375 2227 mut.
1409 2174 1471 2227 in
1500 2175 1564 2227 δε
1599 2172 1689 2238 3³,
1729 2172 1885 2227 &etv
1918 2190 2020 2240 pro
2060 2172 2131 2241 δὴ
2204 2188 2397 2227 τοιον-

370 2243 518 2312 when
548 2243 599 2297 V
707 2251 738 2297 2
778 2246 870 2298 δεῖ
901 2242 967 2298 δέ
983 2262 992 2273 ·
1033 2243 1140 2299 del.
1170 2244 1299 2298 Wb.
1402 2242 1608 2313 ὅμηρος
1633 2244 1695 2297 in
1723 2258 1940 2297 summa
1968 2243 2231 2297 columna.
2262 2244 2395 2298 add.

370 2314 428 2367 M
516 2315 983 2384 καταμεμαθήκηι
1028 2316 1113 2383 Μ,
1168 2335 1282 2370 -κει
1319 2315 1496 2386 vulg„
1548 2314 1800 2385 -μάθηκε
1834 2315 1981 2368 Erm.
2129 2320 2161 2367 3
2199 2314 2397 2369 πάντα

367 2384 439 2438 τὰ
463 2385 779 2454 τετράποδα
797 2386 834 2440 i.
855 2405 926 2440 m.
948 2386 1023 2439 13²
1092 2385 1430 2456 θρεμμάτων
1447 2403 1550 2455 pro
1570 2387 1732 2456 προβ.
1761 2385 1881 2439 MV
1955 2387 2086 2439 ante
2144 2385 2235 2447 όες
2260 2387 2395 2440 add.

366 2457 464 2510 καὶ
491 2457 542 2511 V
613 2474 845 2512 πονευσι
882 2458 954 2525 Β,
992 2457 1287 2512 ἀτονέουσι
1325 2462 1396 2524 Γ,
1436 2475 1506 2510 ss,
1545 2457 1630 2510 ΒΒ
1690 2455 1955 2512 πονέουσι
1993 2457 2052 2509 Μ
2223 2463 2259 2511 4
2296 2458 2398 2511 καὶ

354 2527 518 2599 »βόων
552 2572 561 2581 .
596 2571 606 2582 .
638 2571 649 2582 .
681 2529 749 2583 οὐ
778 2529 1018 2584 δύναται
1043 2529 1102 2654 ἓΙ.
1136 2531 1223 2597 12)
1253 2546 1361 2583 om.
1395 2533 1448 2583 Γ
1549 2534 1581 2583 5
1621 2498 1705 2582 ἐτι
1731 2536 1849 2591 τοῖς
1875 2526 2145 2595 ἀσάρκοις
2181 2531 2395 2598 μᾶλλον

365 2600 429 2654 τὸ
468 2597 754 2655 ἐκπίπτειν
800 2601 897 2654 καὶ
933 2600 1041 2670 ἐμκπ
1066 2619 1223 2654 πτειν
1261 2600 1298 2653 i.
1337 2617 1408 2653 m.
1441 2600 1499 2653 M
1605 2650 1610 2653 .
1656 2605 1685 2652 7
1725 2598 2047 2670 βοσκήμῖατα
2083 2615 2185 2668 pro
2223 2601 2398 2688 προβ.

365 2670 488 2724 MV
573 2671 846 2725 δύνανται
884 2671 930 2724 Β
1003 2673 1270 2742 βραχειην
1299 2670 1345 2723 Β
1434 2671 1565 2740 περὶ
1602 2671 1751 2740 βοῶν
1786 2670 1875 2723 tit.
1905 2670 1965 2722 M
2110 2675 2141 2724 8
2181 2672 2396 2740 βαθει.·3

366 2741 412 2794 Β
575 2747 606 2795 9
658 2742 904 2797 ἄλλοισιν
955 2745 1009 2812 (ν
1048 2743 1175 2796 add.
1214 2741 1332 2811 Μ’)
1377 2741 1499 2795 MV
1585 2742 1697 2796 ἔστι
1742 2741 1794 2795 V
1877 2739 1979 2809 μὲν
2015 2758 2121 2795 om.
2162 2741 2285 2795 MV

364 2814 559 2883 προσβ.
597 2813 692 2867 hie
729 2814 788 2867 et
822 2813 858 2868 l.
900 2819 968 2867 10
1005 2814 1051 2866 B
1225 2818 1291 2866 10
1338 2810 1542 2883 παχείῃ
1578 2812 1666 2866 bis
1704 2812 1774 2877 B,
1832 2809 1947 2866 -εἰα
1983 2812 2034 2866 V
2181 2818 2247 2866 11
2287 2814 2400 2881 ἀμ-

368 2884 549 2953 βλη(α)
586 2884 658 2951 Β,
717 2905 753 2937 α
791 2885 918 2938 add.
958 2884 1056 2951 13⁸,
1112 2881 1229 2939 -εία
1265 2885 1318 2938 V
1463 2889 1528 2937 12
1586 2879 1823 2955 βραχίας
1866 2883 1911 2936 Β
2054 2882 2203 2948 πόας
2241 2884 2293 2938 V

368 2955 642 3025 δυναββται
676 2954 760 3021 M,
800 2956 1075 3012 δύνανται
1110 2955 1162 3008 V
1308 2960 1373 3008 13
1412 2955 1584 3024 ἀμῶν.
1622 2971 1723 3024 pro
1764 2950 1836 3008 αὖ
1884 2975 1933 3024 μ.
1979 2958 2031 3007 Γ
2132 2956 2206 3008 ad
2254 2956 2398 3023 μών.

266 3035 271 3040 “
367 3025 544 3078 adeor.
593 3045 877 3097 μονονυχα
923 3027 960 3080 i.
999 3045 1070 3080 m.
1109 3026 1194 3079 B²
1301 3028 1431 3096 post
1476 3026 1611 3094 μῶν.
1661 3026 1788 3079 add.
1835 3033 1948 3079 τῶν
1994 3026 2148 3089 ζώων
2196 3025 2319 3079 MV
2359 3074 2365 3079 .

366 3096 586 3163 ἀμφώδ.
634 3096 813 3151 ΒΜΓ
906 3095 977 3150 τὰ
1024 3097 1251 3152 ἄνωθεν
1297 3098 1396 3152 καὶ
1441 3096 1591 3151 κάτω
1648 3093 2015 3166 ὀδοντισμένα
2057 3097 2093 3149 i.
2141 3114 2215 3150 m.
2265 3114 2396 3166 sup.

365 3166 450 3219 B'
519 3185 578 3220 τε
617 3169 748 3221 ante
778 3167 942 3222 ἐόντα
972 3168 1100 3222 add.
1143 3172 1195 3221 Γ
1260 3169 1535 3224 δύνανται
1570 3168 1682 3222 ΒΓ
1812 3173 1882 3221 14
1919 3167 1992 3220 ad
2021 3184 2177 3236 σαρκ.
2208 3167 2399 3222 adeor.

366 3235 598 3292 δάκνειν
642 3236 713 3290 τὰ
758 3236 909 3307 χείλη
946 3238 982 3291 i.
1021 3256 1092 3291 m.
1131 3238 1215 3291 B²
1254 3247 1258 3252 ’
1296 3239 1572 3294 δύνανται
1616 3239 1689 3306 Β,
1736 3238 2088 3294 ὃύνανανται
2123 3242 2177 3292 Γ
2254 3241 2401 3310 βροε-

365 3303 630 3432 ξῑέηνΓΒ’
657 3305 823 3446 ῑὲῖςῑ
848 3309 924 3432 1}
972 3321 1096 3432 Ἥ
1128 3314 1261 3448 123„
1308 3316 1402 3434 εἰ
1434 3307 1657 3452 κεὶαῆἒί·
1678 3326 1997 3436 -Βσεῑῖὲε
2034 3312 2401 3452 Ἑείῗιξὲὲ

436 3447 550 3517 πόη
578 3448 638 3500 Μ
709 3449 838 3502 ποτὶ
865 3449 998 3504 Litt.
1029 3466 1060 3503 e
1088 3450 1209 3505 Gal.
1231 3468 1427 3506 comm.
1459 3402 1529 3521 3?
1578 3401 1722 3519 Vffi,
1751 3423 1802 3506 Ᾱ
1839 3459 1940 3506 497
1972 3452 2062 3522 (cf.
2082 3452 2210 3507 infr.
2242 3469 2290 3506 ο..
2320 3458 2395 3506 41

365 3519 492 3588 in.)‚
543 3515 626 3572 ὅτι
663 3518 851 3588 codd.‚
891 3520 969 3575 ἔτι
1005 3519 1162 3588 Wb.,
1187 3518 1294 3581 ,ὅτι
1331 3543 1380 3577 κ.
1418 3542 1510 3591 πρ.
1546 3524 1821 3591 ἐκκαρπεῖ
1852 3523 1888 3595 ἡ
1927 3525 2138 3594 βαθεῖα
2166 3522 2316 3577 Erm.
2419 3524 2430 3531 “
