2588 3876
322 126 452 190 114
804 129 980 179 ΠΕΡΙ
1014 127 1305 180 ΑΡΘΡΩΝ
1340 128 1701 180 ΕΜΒοΛΗΣ
1738 131 1786 179 2.
1818 130 1850 178 8

317 289 439 354 τὸν
484 287 896 373 ἐμβάλλοντα
926 325 1032 370 -,
1075 287 1117 371 ’ἢ
1165 290 1223 353 εἰ
1270 288 1471 365 αὐτὸς
1515 288 1638 372 μὲν
1681 297 1830 373 τῇσι
1876 283 2061 371 χερσὶ
2106 284 2216 351 καὶ
2258 296 2346 372 τῇ

317 400 570 480 κεφαλῇ
618 394 790 460 οὕτω
837 397 1083 477 ποιοίη,
1128 393 1351 479 ἕτερος
1396 394 1476 459 δέ
1514 418 1614 471 τις
1657 396 1778 460 τὸν
1822 392 2089 476 ἀγκῶνα
2134 394 2349 478 παρά-

317 526 426 586 γοι
470 503 649 586 παρὰ
710 503 785 566 τὸ
852 507 1116 584 στῆθος.
1206 503 1348 566 ἔστι
1412 501 1486 566 δὲ
1548 500 1792 584 ἐμβολὴ
1858 500 2043 582 ὤμου
2108 498 2220 564 καὶ
2276 499 2350 577 ἐς

314 609 606 673 τούπίσω
677 608 1178 692 ὑπερβάλλοντα
1256 609 1378 673 τὸν
1456 616 1677 692 πῆχυν
1749 606 1858 674 ἐπὶ
1928 609 2052 691 τὴν
2124 606 2367 693 ῥάχιν,-

263 740 288 781 5
318 717 538 780 ἔπειτα
591 724 669 801 τῇ
724 714 848 795 μὲν
910 713 1096 800 ἑτέρῃ
1160 711 1330 799 χειρὶ
1397 713 1693 779 ἀνακλᾶν
1755 713 1824 791 ἐς
1884 715 1960 779 τὸ
2026 715 2164 779 ἄνω
2219 723 2348 779 τοῦ

316 821 614 905 ἀγκῶνος
657 819 1002 905 ἐχόμενον,
1060 830 1139 906 τῇ
1187 817 1262 885 δὲ
1309 818 1495 905 ἑτέρῃ
1541 822 1720 905 παρὰ
1764 821 1839 886 τὸ
1887 822 2153 906 ἄρθρον
2196 822 2349 886 ὄπι-

315 934 486 994 σθεν
541 926 837 1012 ἐρείδειν.
928 928 1094 1011 αὕτη
1152 927 1190 1011 ἡ
1245 925 1492 1011 ἐμβολὴ
1544 926 1656 992 καὶ
1710 927 1751 1012 ἡ
1805 930 2113 1014 πρόσθεν
2167 928 2348 1013 εἰρη-

314 1033 509 1119 μένη,
556 1034 637 1100 οὐ
682 1035 846 1099 κατὰ
882 1035 1092 1118 φύσιν
1128 1032 1380 1117 ἐοῦσαι,
1427 1034 1603 1119 ὅμως
1639 1033 2228 1119 ἀμφισφάλλουσαι
2263 1037 2347 1100 τὸ

315 1142 577 1227 ἄρθρον
621 1140 1107 1224 ἀναγκάζουσιν
1152 1140 1512 1222 ἐμπί.πτειν

236 1274 289 1314 10
448 1247 644 1313 3.οῑ
692 1248 767 1313 δὲ
809 1257 888 1333 τῇ
933 1246 1177 1332 πτέρνῃ
1216 1248 1614 1332 πειρώμενοι
1650 1245 2003 1332 ἐμβάλλειν
2040 1245 2240 1331 ἐγγύς
2277 1271 2350 1312 τι

312 1362 433 1419 τοῦ
479 1356 644 1419 κατὰ
707 1353 919 1438 φύσιν
981 1353 1493 1437 ἀναγκάζουσιν·
1559 1355 1681 1440 χρὴ
1748 1354 1823 1419 δὲ
1884 1355 2004 1418 τὸν
2054 1350 2180 1436 μὲν
2224 1355 2349 1419 ανῆ

312 1466 596 1545 θρωπον
640 1457 839 1544 χαμαὶ
884 1464 1269 1528 κατακλῖναι
1314 1460 1586 1543 ὕπτιον,
1640 1461 1762 1525 τὸν
1808 1456 1881 1525 δὲ
1928 1458 2348 1545 ἐμβάλλοντα

313 1564 512 1650 χαμαὶ
558 1567 815 1646 ἵζεσθαι
860 1565 966 1652 ἐφ’
1020 1566 1304 1652 ὁπότερα
1358 1564 1443 1631 ἄν
1485 1569 1571 1652 ,τὸ
1628 1568 1891 1652 ἄρθρον
1944 1565 2350 1653 ἐκπεπτώκῃ.

312 1669 536 1738 ἔπειτα
582 1675 955 1758 λαβόμενον
999 1683 1149 1759 τῇσι
1203 1674 1387 1759 χερσὶ
1442 1683 1592 1759 τῇσι
1648 1670 1899 1739 ἑωυτοῦ
1953 1683 2068 1757 τῆς
2121 1675 2349 1759 χειρὸς

233 1804 285 1846 15
315 1790 430 1865 τῆς
491 1789 767 1867 σιναρῆς
828 1782 1237 1845 κατατείνειν
1303 1779 1540 1864 αὐτήν,
1603 1780 1727 1863 τὴν
1790 1780 1866 1845 δὲ
1926 1778 2219 1864 πτέρνην
2271 1778 2350 1857 ἐς

206 1901 276 1952 84
313 1888 437 1971 τὴν
480 1887 821 1972 μασχάλην
861 1884 870 1974 Ι
912 1885 1326 1972 ἐμβάλλοντα
1372 1885 1726 1970 ἀντωθεῖν,
1771 1895 1849 1973 τῇ
1893 1887 2017 1970 μὲν
2057 1884 2234 1973 δεξιῇ
2274 1885 2352 1965 ἐς

311 1996 434 2078 τὴν
481 1992 725 2078 δεξιήν,
771 2003 849 2079 τῇ
897 1994 972 2059 δὲ
1018 1992 1326 2079 ἀριστερῇ
1373 1992 1442 2070 ἐς
1485 1994 1609 2077 τὴν
1654 1993 2025 2079 ἀριστερήν.
2117 1995 2220 2059 δεῖ
2266 1995 2346 2059 δὲ

313 2098 382 2176 ἐς
434 2102 509 2165 τὸ
574 2103 805 2165 κοῖλον
866 2109 982 2183 τῆς
1042 2101 1378 2184 μασχάλης
1441 2099 1742 2165 ἐνθεῖναι
1806 2101 2220 2199 στρογγύλον
2278 2125 2346 2166 τι

457 2333 648 2397 1ειη
684 2328 747 2394 Β,
785 2330 996 2397 nmut
1034 2327 1760 2399 1ηεῑΒ3,ἡανύτὸς(οω.
1800 2325 2343 2417 εἶ)Γ,ἢοΠι.ΑΡ.

455 2404 487 2452 2
523 2349 710 2468 ποιείη
748 2399 859 2453 ΒΓ
925 2398 1087 2461 ἄλλος
1112 2416 1214 2468 pro
1252 2398 1438 2467 ἕτερος
1472 2399 1708 2483 MVAp.
1856 2404 1904 2452 2.
1945 2404 1978 2452 3
2024 2399 2346 2470 παράγοιτο

309 2470 416 2539 Ap.
563 2476 594 2524 3
635 2471 784 2526 ἐστιν
811 2473 866 2525 Γ
933 2468 992 2526 δ’
1032 2471 1151 2524 MV
1223 2469 1457 2545 ἐμβολῆς
1500 2458 1642 2539 ΑΡ.”’
1733 2475 1766 2522 4
1804 2469 2254 2542 ὑπερβάλλοντας
2283 2475 2351 2526 P

453 2582 485 2632 ὅ
523 2577 605 2641 εἰς
640 2577 751 2632 ΒΓ
900 2582 931 2630 6
971 2574 1028 2633 δ’
1071 2576 1191 2629 MV
1352 2582 1381 2630 7
1421 2560 1641 2646 ἐρὲιδην
1678 2577 1749 2642 Β,
1810 2594 1879 2630 ss.
1917 2577 2009 2643 B³‚
2067 2576 2190 2646 ἐνερ
2193 2580 2346 2702 ιδειιν

309 2652 363 2702 Γ
502 2654 535 2702 8
574 2646 779 2718 ὁμοίως
814 2651 867 2701 Γ
972 2649 1009 2702 ἀ
1012 2647 1270 2737 μφιβάλλ.
1311 2647 1507 2715 MVP,
1552 2649 1674 2717 ἀμφ
1677 2664 1778 2717 ισφ
1782 2652 2017 2703 αλουσαι
2052 2648 2145 2715 ΒῙ,
2181 2667 2289 2717 περ

311 2722 625 2788 σφαλουσαι
661 2720 698 2773 i.
737 2738 810 2773 m.
848 2718 940 2786 B’,
977 2718 1411 2808 περισφάλλεται
1448 2718 1569 2773 Gal.
1608 2736 1663 2787 p.
1702 2724 1822 2785 327,
1862 2717 2241 2789 ἀναγκάζουσι
2255 2669 2346 2772 GM

384 2790 584 2880 ἐμβολὴ
621 2790 775 2861 ὤμου
813 2790 894 2853 εἰς
928 2791 992 2846 τὸ
1033 2786 1208 2844 ὀπίσω
1247 2790 1335 2844 tit.
1374 2790 1410 2844 i.
1450 2808 1522 2843 m.
1563 2807 1682 2859 sup.
1723 2790 1783 2843 M
1938 2795 2005 2843 10
2044 2789 2101 2843 οἱ
2138 2790 2199 2846 δὲ
2236 2790 2346 2853 τὰς

312 2860 545 2951 ἐμβολὰς
582 2812 902 2932 ἐρρωμένως
939 2862 1054 2934 ἐμβ.
1094 2860 1360 2923 εἰωθότες
1407 2861 1621 2924 εὐθέως
1654 2859 2156 2931 καταναγκάζουσι.
2229 2862 2344 2952 χρὴ

309 2931 415 3002 γὰρ
452 2931 551 2987 τόν
588 2952 647 2987 τε
684 2934 818 2987 ἀνθ.
944 2941 1272 2988 κατατεῖναι
1299 2933 1350 2986 ὑ.
1381 2933 1485 3023 Ap.
1553 2932 1588 3001 ἡ
1617 2948 1720 3001 pro
1747 2952 1802 2986 τι
1829 2935 1884 2986 Γ
1988 2937 2051 2984 11
2084 2931 2342 3002 ἀναγκά-

309 3007 462 3066 ζουσι
491 3002 611 3055 MV
721 3009 786 3057 12
808 2955 923 3058 τόν
958 3024 1016 3059 τε
1044 3005 1148 3074 Ap
1262 3009 1327 3057 13
1367 3002 1601 3071 ἑκάτερα
1638 3003 1741 3072 ΑΡ.
1817 3021 2141 3072 εφεκαπερα
2177 3002 2239 3057 τὸ
2282 3003 2342 3058 ἅ

309 3077 363 3127 Γ
466 3071 806 3130 ἐκπεπτώκει
843 3074 1006 3144 VAp.
1189 3080 1255 3127 14
1302 3076 1508 3146 λαβομε
1510 3093 1604 3138 νος
1661 3078 1714 3128 Γ
1833 3082 2027 3145 τῇσιχ
1994 3094 2043 3145 χ.
2081 3094 2127 3128 τ.
2177 3073 2342 3128 ἑωυτ.

311 3161 417 3198 om.
477 3149 530 3199 Γ
641 3153 765 3215 τῇσι
802 3145 957 3199 ἑωυτ.
997 3163 1102 3199 om.
1149 3147 1255 3215 Ap.
1269 3189 1282 3213 ‚
1328 3145 1569 3236 τῆσινὲ.
1617 3144 1755 3213 MV,
1801 3165 1836 3199 ν
1883 3145 2011 3199 add.
2064 3145 2151 3198 M*
2262 3147 2344 3199 ad

311 3233 417 3269 σιν.
464 3215 500 3269 i.
553 3234 625 3268 m.
678 3215 819 3270 κακό
823 3235 990 3285 μενον
1036 3217 1135 3270 καὶ
1181 3216 1520 3289 βεβλάμενον
1558 3216 1633 3268 B¹
1777 3221 1841 3269 15
1891 3218 2031 3285 αὐτη
2036 3233 2067 3270 σ
2103 3220 2178 3282 Γ,
2224 3233 2344 3270 om.

308 3286 414 3354 Ap.
556 3284 702 3356 ᾐδὲ
737 3286 873 3355 πτέρ
875 3307 909 3340 ν
984 3286 1207 3356 MVAp.
1318 3286 1564 3356 πτέρναν
1599 3291 1654 3343 Γ
1803 3292 1868 3340 16
1908 3287 2052 3358 ἐμβ.,
2100 3287 2167 3357 ἐμ
2200 3288 2342 3341 add.

309 3355 396 3409 M’
504 3295 814 3410 ἀντωθέειν
841 3307 1067 3423 ρΒῖὶῙΝ,
1121 3367 1234 3412 -εῖν
1279 3358 1449 3412 EHK
1558 3360 1711 3428 δεξιη
1714 3379 1747 3413 ν
1792 3376 1894 3428 pro
1941 3359 2095 3429 δεξιῇ
2142 3362 2196 3412 Γ

313 3432 377 3479 17
424 3425 611 3496 τὴνμ
614 3426 852 3496 ,δεξιὴν
890 3428 970 3491 εἰς
1003 3448 1049 3482 τ.
1097 3433 1167 3495 δ.,
1211 3429 1315 3499 τὴν
1353 3430 1414 3485 δὲ
1453 3430 1748 3499 ἀριστερὴν
1785 3430 1864 3493 εἰς
1897 3449 1944 3484 τ.
1983 3431 2035 3484 ἀ.
2077 3428 2200 3483 Gal.
2241 3445 2339 3499 ap.

311 3446 636 3562 Cocchium,
678 3495 822 3550 Chir.
862 3500 966 3552 vet.
1003 3518 1059 3568 p.
1102 3505 1203 3553 138
1312 3496 1545 3568 δ’ἀριστ.
1579 3501 1632 3556 V

2495 14 2573 416 1
