2588 3876
629 176 802 227 ΠΕΡΙ
836 174 1126 228 ΑΡΘΡΩΝ
1160 178 1522 230 mom
1559 182 1643 230 33.
1683 180 1751 229 34
2087 171 2216 236 153

189 337 314 422 γὰρ
380 333 669 414 ἐπίδεσις
728 336 996 420 γνάθου
1059 338 1271 416 οὕτως
1334 342 1724 423 καταγείσης
1785 334 2074 420 ἐγκλίνει
2134 337 2216 402 τὰ

188 438 384 507 ὀστέα
441 439 510 518 ἐς
566 443 639 507 τὸ
698 443 996 528 κάτηγμα
1055 442 1342 530 ῥέποντα
1400 450 1655 531 μᾶλλον
1708 444 1749 530 ἢ
1806 442 1873 521 ἐς
1918 445 2039 528 τὴν
2081 444 2214 528 φύ·

187 565 298 613 σιν
343 550 509 632 ἄγει.

319 655 425 720 34.
462 652 593 721 Ἢν
639 653 712 721 δὲ
757 657 798 741 ἡ
844 655 1020 723 κάτω
1056 659 1315 741 γνάθος
1349 660 1515 725 κατὰ
1549 659 1673 743 τὴν
1708 659 2056 743 σύμφυσιν
2089 658 2213 741 τὴν

185 764 349 827 κατὰ
403 764 478 827 τὸ
535 760 798 847 γένειον
828 766 1236 852 διασπασθῇ
1284 801 1369 814 --
1416 766 1631 850 μούνη
1690 761 1765 831 δὲ
1820 763 1985 849 αὕτη
2050 765 2214 848 σύμ·
2268 781 2297 824 5

186 886 390 952 φυσις
426 868 504 934 ἐν
548 879 628 956 τῇ
673 871 846 936 κάτω
892 870 1129 961 γνάθῳ
1167 870 1381 957 ἐστίν,
1427 870 1501 937 ἐν
1539 867 1615 937 δὲ
1649 881 1729 958 τῇ
1766 873 1905 937 ἅνω
1942 874 2210 937 πολλαί·

185 974 322 1041 ἀλλ’
380 976 465 1041 οὐ
519 978 847 1060 βούλομαι
901 976 1297 1045 ἀποπλανᾶν
1347 980 1469 1044 τὸν
1521 981 1757 1063 λόγον,
1817 976 1893 1044 ἐν
1952 979 2213 1045 ἄλλοισι

183 1084 306 1168 γὰρ
357 1083 567 1149 εἴδεσι
612 1085 1006 1168 νοσημάτων
1047 1083 1201 1172 περὶ
1237 1087 1498 1152 τούτων
1542 1092 1796 1171 εἴρηται
1834 1121 1919 1133 -—-
1957 1087 2041 1170 ἢν
2087 1081 2212 1151 οὖν

186 1189 420 1276 διαστῇ
467 1190 509 1274 ἡ
556 1191 720 1256 κατὰ
763 1192 838 1256 τὸ
885 1190 1149 1275 γένειον
1193 1194 1562 1278 σύμφυσις,
1617 1199 2044 1277 κατορθῶσαι
2087 1188 2213 1274 μὲν

181 1297 428 1374 παντὸς
482 1296 761 1384 ἀνδρός·
818 1299 895 1363 τὸ
941 1295 1065 1381 μὲν
1116 1300 1244 1385 γὰρ
1290 1298 1579 1378 ἐξεστεὸς
1633 1298 1920 1365 ἐσωθεῑν
1964 1301 2087 1385 χρὴ
2142 1296 2211 1376 ἐς
2238 1316 2297 1358 1⁰

183 1403 256 1466 τὸ
311 1400 445 1468 ἔσω
501 1401 726 1490 μέρος,
788 1404 1300 1491 προσβάλλοντα
1351 1408 1509 1483 τοὺς
1564 1407 1964 1491 δακτύλους,
2018 1407 2093 1471 τὸ
2142 1404 2200 1471 δ’
2305 1433 2314 1472 ;

181 1510 308 1574 ἔσω
354 1507 569 1596 ῥέπον
615 1508 1054 1597 ἀντερείδοντ)
1100 1512 1191 1588 ὡς
1237 1509 1323 1577 ἂν
1360 1510 1666 1598 συμφέρῃ
1714 1511 1989 1597 ἀνάγειν
2034 1511 2100 1590 ἐς
2136 1513 2210 1577 τὸ

182 1613 302 1693 ἔξω
350 1615 555 1702 μέρος
597 1614 1020 1704 ἐνερείσαντα
1062 1620 1220 1695 τοὺς
1266 1618 1652 1695 δακτύλους.
1742 1616 1810 1696 ἐς
1865 1619 2213 1685 διάστασιν

181 1721 409 1803 μέντοι
461 1724 963 1807 διατεινάμενον
1006 1733 1214 1790 ταῦτα
1257 1726 1382 1810 χρὴ
1409 1734 1676 1821 ποιεῖν·
1735 1724 1929 1810 ρήιον
1971 1726 2099 1810 γὰρ
2146 1723 2214 1802 ἐς

186 1830 309 1912 τὴν
357 1829 573 1913 φύσιν
615 1828 755 1913 ἥξει
799 1831 840 1914 ἢ
887 1836 956 1896 εἴ
993 1853 1093 1908 τις
1136 1829 1621 1916 ἐγχρίμπτοντα
1657 1829 1724 1907 ἐς
1778 1831 2027 1913 ἄλληλα
2065 1830 2075 1913 i
2116 1832 2195 1895 τὰ
2215 1837 2322 1900 156

182 1933 377 2003 ὀστέα
436 1938 963 2023 παραναγκάζειν
1012 1948 1320 2025 πειρᾶται
1335 1958 1366 2021 ἡ
1410 1945 1607 2005 τοῦτο
1653 1938 1830 2023 παρὰ
1874 1937 2089 2003 πάντα
2132 1938 2212 2003 τὰ
2240 1955 2293 1996 16

180 2052 460 2110 τοιαῦτα
497 2043 988 2129 [ὑπομνήματα]
1026 2048 1257 2130 χαρίεν
1302 2044 1570 2112 εἰδέναι.
1643 2044 1918 2111 ὁπόταν
1943 2046 2018 2111 δὲ
2061 2069 2211 2110 xat-

182 2151 524 2235 ορθώσῃς,
587 2148 827 2229 ζεῦξαι·
867 2151 990 2233 μὲν
1055 2153 1178 2238 χρὴ
1243 2155 1401 2229 τοὺς
1455 2152 1736 2230 ὀδόντας
1788 2155 1946 2230 τοὺς
2006 2154 2213 2218 ἔνθεν

325 2331 354 2379 1
398 2323 542 2379 οὕτω
579 2325 724 2393 MV,
781 2324 1064 2394 καυληδόν
1111 2343 1180 2379 ss,
1228 2327 1274 2379 B
1321 2343 1389 2380 ex
1435 2326 1557 2380 Gal.
1606 2343 1804 2380 comm.
1953 2327 2095 2385 ἐνκλ.
2147 2328 2211 2395 Β,

184 2395 326 2451 ἐκκλ.
356 2394 545 2450 MV?
576 2394 699 2450 Gal.
821 2401 852 2450 2
889 2399 1021 2466 post
1058 2396 1167 2452 ὀστ.
1207 2397 1337 2452 add.
1376 2397 1445 2451 τὰ
1473 2398 1618 2464 MV,
1656 2415 1764 2452 om.
1803 2398 1914 2453 ΒΓ
2036 2404 2069 2451 4
2108 2398 2209 2454 ἐὰν

181 2466 216 2535 ἡ
252 2466 404 2523 κατὰ
440 2467 504 2522 τὸ
541 2465 760 2537 γένειον
810 2468 1087 2539 σύμφυσις
1122 2469 1211 2522 tit.
1248 2468 1310 2522 M
1346 2469 1382 2522 i.
1421 2487 1494 2523 m.
1534 2486 1655 2538 sup.
1775 2468 2059 2539 ξυμφυσιν
2104 2469 2150 2522 Β
2171 2475 2218 2523 Π

288 2544 321 2593 5
363 2540 797 2608 διασπασθηναι
824 2540 895 2606 Β,
935 2560 1032 2593 ναι
1067 2541 1294 2609 Ρωιοίῐίε
1331 2539 1463 2594 incl.
1502 2539 1577 2593 B²
1649 2537 1792 2610 μόνη
1831 2540 1877 2593 Β
2022 2544 2054 2593 7
2092 2534 2207 2593 ἀλλ’

186 2652 197 2663 .
231 2653 242 2663 .
276 2653 287 2663 .
316 2618 510 2667 ποιεῖν
530 2612 643 2681 (14)
673 2628 781 2665 om.
813 2614 866 2665 Γ
934 2610 1119 2674 ἄλλοις
1153 2612 1200 2665 Β
1346 2616 1378 2666 8
1425 2609 1632 2667 εἴδεσιν
1667 2611 1714 2663 Β
1788 2606 1985 2681 ῥητέον
2022 2610 2142 2665 MV
2204 2618 2209 2627 ⁴

183 2701 214 2751 8
265 2701 352 2753 ΙΘ
408 2716 539 2767 περι
584 2701 925 2761 ὃιαστασεως
967 2720 1003 2770 η
1049 2699 1194 2755 κατὰ
1238 2719 1303 2756 το
1350 2718 1567 2770 γενειον
1612 2698 1884 2770 γενομένη
1934 2699 2238 2768 σύμφυσις.

183 2769 269 2824 tit.
300 2770 347 2822 B
461 2775 527 2823 10
565 2769 672 2840 γὰρ
703 2786 772 2824 ει.
801 2768 853 2825 V
926 2771 1142 2826 ἔσωθεν
1170 2771 1261 2838 B¹‚
1288 2768 1559 2826 ἐσωθέειν
1586 2771 1790 2825 B'MV
1901 2776 1964 2824 11
1993 2772 2211 2863 novoe„

185 2858 215 2894 σ
250 2841 386 2895 add.
425 2840 500 2894 13²
571 2841 634 2897 δὲ
660 2840 721 2894 M
832 2846 897 2894 1⁶2.
937 2841 1064 2897 εἴσω
1102 2842 1179 2907 V,
1227 2860 1335 2899 om.
1374 2841 1486 2907 Ml,
1533 2842 1662 2896 add.
1701 2842 1788 2895 Μ’
1860 2842 1988 2897 ἀντ.«
2025 2843 2103 2904 ὡς
2138 2862 2213 2898 αν

185 2929 232 2965 σ.
272 2929 381 2966 om.
421 2911 565 2978 MV,
605 2912 1008 2980 αντεριδοντως
1045 2914 1118 2968 ἀν
1142 2914 1431 2984 ’ξυμφεριν
1466 2914 1529 2979 Β,
1567 2914 1795 2983 punctis
1831 2913 2028 2968 inclus,
2067 2913 2142 2966 13²
2207 2960 2210 2965 .

185 2982 358 3053 ἀπάγ.
397 2982 522 3050 BV,
579 2982 812 3053 ἀνάγειν
858 2983 941 3045 εἰς
984 2985 1046 3039 τὸ
1084 2985 1126 3040 ἔ.
1165 3004 1219 3054 μ.
1258 2985 1294 3038 i.
1333 3002 1405 3038 m.
1444 2984 1519 3037 Β*ι
1672 2991 1740 3039 14
1796 2983 2214 3054 διατεινάμενοι

183 3053 304 3109 MV
375 3052 592 3109 ποιέειν
629 3055 788 3108 codd.
863 3052 984 3124 ᾆήι-
1020 3056 1247 3124 scripsi,
1286 3052 1321 3124 ῤ’
1361 3087 1386 3096 -
1423 3055 1584 3109 codd.
1725 3060 1790 3110 15
1831 3055 1931 3111 ἐὰν
1965 3057 2027 3126 ἐγ
2063 3055 2212 3124 olam

186 3127 290 3194 (τις
317 3129 450 3197 om.)
467 3126 588 3180 MV
658 3130 729 3180 16
756 3125 1188 3196 παραναγκάζοι
1212 3075 1358 3182 MV}
1403 3128 1535 3195 post·
1552 3144 1761 3195 παραν.
1784 3127 1913 3180 add.
1932 3124 2017 3190 τίς
2102 3128 2221 3184 Vr

256 3197 414 3264 παρὰ
437 3240 447 3251 .
472 3241 483 3251 .
508 3196 703 3253 μόθον.
725 3201 799 3267 (p.
822 3203 943 3265 154,
965 3200 1018 3266 3)
1037 3214 1144 3251 om.
1166 3202 1220 3251 Γ
1283 3206 1458 3252 πᾶσιν
1476 3198 1550 3251 B¹
1579 3214 1716 3252 corr.
1738 3197 1812 3249 B⁸
1913 3203 1976 3252 17
2005 3198 2211 3268 ὑπομν.

187 3267 305 3321 iam
349 3268 600 3323 Littrzeo
647 3270 968 3338 suspectum
1014 3271 1135 3339 (aut
1190 3267 1366 3323 deleri
1411 3271 1513 3323 aut
1556 3267 1900 3339 singularem
1946 3270 2046 3324 anfi
2081 3290 2213 3326 κατ·-

188 3337 411 3408 ήγματα
437 3339 580 3409 vult)
615 3341 776 3395 uncis
812 3339 1043 3408 inclusi,
1089 3341 1269 3394 totam
1299 3339 1637 3400 sententiam
1667 3346 1849 3408 (τοῦτο
1873 3382 1884 3394 .
1908 3381 1920 3394 .
1944 3383 1956 3394 .
1976 3338 2212 3408 εἰδέναι)

187 3412 256 3463 ut
294 3410 571 3465 emblema
618 3411 865 3465 alienum
911 3410 1142 3465 sustulit
1184 3410 1335 3465 Erm.
1520 3417 1585 3465 17
1643 3431 1766 3482 χαρ.
1815 3412 1918 3467 εἰδ.
1966 3427 2073 3464 om.
2120 3410 2212 3476 13¹,

189 3480 321 3534 add.
358 3481 433 3535 B²
468 3482 504 3535 i.
543 3500 616 3535 m.
698 3480 892 3554 χαρίεν
929 3481 1008 3548 N,
1053 3481 1249 3553 χάριεν
1286 3485 1391 3536 oet.
1468 3480 1549 3537 ὀκ.
1589 3481 1749 3535 codd.
1879 3486 1963 3535 17.
2005 3485 2071 3532 18
2110 3499 2212 3532 κα-

192 3553 486 3619 θορθώσις
521 3552 584 3620 Β,
622 3555 808 3622 -θώση
844 3553 965 3607 MV
1111 3558 1176 3606 18
1213 3554 1346 3615 τοὺς
1380 3554 1511 3620 post
1548 3551 1632 3605 ὀὸ.
1672 3568 1777 3604 om.
1815 3551 1867 3605 V
