2588 3876
704 150 878 201 ΠΕΡΙ
912 149 1199 202 ΑΡΘΡΩΝ
1235 150 1594 201 ΕΜΒΟΛΗΣ
1632 152 1699 199 47
2093 145 2215 207 177

201 314 419 377 ἄλλων
465 309 669 393 ἐστίν,
714 310 878 376 ἀλλὰ
925 313 1207 397 σμικρὸν
1252 309 1525 386 ἕκαστος
1579 309 1918 403 συνδιδοῖ,
1965 308 2222 394 ἀθρόον

200 416 271 485 δὲ
314 419 491 484 πολύ
538 420 859 502 φαίνεται.
934 418 1045 482 διὰ
1082 413 1209 483 οὖν
1243 426 1442 482 τοῦτο
1487 418 1596 482 καὶ
1635 415 1670 481 ὁ
1718 427 2025 492 νωτιαῖος
2068 437 2223 499 μυε-

199 527 313 602 λὸς
358 526 663 612 εὐφόρως
716 524 904 611 φέρει
949 526 1065 601 τὰς
1107 525 1418 600 τοιαύτας
1463 524 1898 608 διαστροφάς,
1959 523 2062 588 ὅτι
2107 546 2224 587 κυ-

199 633 456 716 κλώδης
501 632 680 720 αὐτῷ
725 631 766 715 ἡ
815 632 1186 717 διαστροφὴ
1223 635 1507 714 γίνεται,
1555 629 1698 695 ἀλλ’
1744 630 1825 695 οὐ
1864 629 2224 713 γωνιώδης.

330 740 476 825 Χρὴ
526 734 599 802 δὲ
645 739 768 821 τὴν
812 739 1222 821 κατασκευὴν
1268 746 1388 802 τοῦ
1426 738 1467 801 δ
1471 746 1922 821 ιαναγκασμοῦ
1957 736 2224 820 τοιήνδε
2279 764 2304 805 5

200 845 709 911 κατασκευάσαι·
777 842 1028 922 ἔξεστιν
1080 841 1204 928 μὲν
1259 842 1461 922 ξύλον
1518 845 1794 929 ἰσχυρὸν
1846 843 1957 908 καὶ
2011 843 2224 907 πλατὺ

199 951 487 1035 ἐντομὴν
540 954 928 1036 παραμήκεα
982 953 1137 1034 ἔχον
1190 948 1570 1035 κατορύξαι·
1641 948 1893 1028 ἔξεστιν
1948 946 2023 1015 δὲ
2078 947 2226 1013 ἀντὶ

197 1067 318 1124 τοῦ
380 1056 584 1135 ξύλου
646 1056 719 1122 ἐν
777 1061 976 1144 τοίχῳ
1036 1056 1319 1142 ἐντομὴν
1376 1059 1761 1140 παραμήκεα
1825 1054 2129 1139 ἐνταμεῖν
2186 1056 2227 1139 ἢ

196 1167 392 1250 πήχει
439 1163 742 1249 ἀνωτέρω
797 1174 917 1228 τοῦ
974 1163 1253 1248 ἐδάφεος
1307 1163 1346 1247 ἢ
1403 1163 1581 1240 ὅπως
1626 1161 1710 1227 ἂν
1763 1165 2042 1247 μετρίως
2087 1158 2228 1246 ἔχῃ·

199 1275 430 1337 ἔπειτα
504 1262 650 1336 οἷον
722 1271 969 1337 στύλον
1043 1272 1352 1356 δρύινον,
1424 1272 1871 1357 τετράγωνον,
1943 1268 2230 1350 πλάγιον
2258 1300 2310 1339 10

197 1378 675 1462 παραβάλλειν,
713 1377 1152 1443 ἀπολείποντα
1179 1377 1309 1442 ἀπὸ
1342 1376 1351 1463 Ι
1382 1386 1502 1442 τοῦ
1529 1381 1756 1462 τοίχου
1787 1377 1949 1441 ὅσον
1974 1379 2213 1461 παρελ-
2232 1396 2337 1445 204

196 1492 361 1551 θεῖν
395 1507 567 1567 τινα,
612 1482 697 1566 ἢν
733 1482 876 1569 δέῃ·
931 1485 1040 1549 καὶ
1079 1482 1184 1548 ἐπὶ
1219 1480 1344 1565 μὲν
1379 1484 1499 1548 τὸν
1535 1485 1780 1548 στύλον
1815 1480 2231 1567 ἐπιστορέσαι

198 1591 243 1675 ἢ
291 1593 567 1675 χλαίνας
610 1589 651 1672 ἢ
699 1592 858 1654 ἄλλο
914 1614 1013 1674 τι,
1060 1590 1099 1655 ὃ
1152 1590 1500 1673 μαλθακὸν
1543 1586 1666 1673 μὲν
1711 1587 1922 1673 ἔσται,
1982 1586 2233 1665 ὑπείξει

201 1694 281 1763 δὲ
317 1699 406 1781 μὴ
447 1696 639 1781 μέγα·
683 1697 806 1762 τὸν
842 1693 915 1762 δὲ
954 1698 1320 1781 ἄνθρωπον
1354 1706 1702 1782 πυριῆσαι,
1749 1695 1835 1779 ἢν
1870 1695 2233 1778 ἐνδέχηται,

199 1803 244 1888 ἢ
290 1807 518 1890 πολλῷ
564 1801 674 1868 καὶ
717 1809 948 1892 θερμῷ
988 1809 1251 1868 λοῦσαι·
1298 1799 1520 1867 ἔπειτα
1563 1801 1813 1889 πρηνέα
1848 1805 2233 1866 κατακλῖναι
2262 1832 2313 1872 15

199 1908 749 1994 κατατεταμένον,
785 1907 897 1976 καὶ
933 1911 1048 1987 τὰς
1083 1906 1207 1995 μὲν
1250 1898 1473 1995 χεῖρας
1508 1910 1714 1976 αὐτοῦ
1751 1911 2235 1996 παρατείναντα

199 2018 371 2083 κατὰ
418 2018 629 2101 φύσιν
671 2019 1045 2104 προσδῆσαι
1090 2019 1255 2103 πρὸς
1299 2018 1375 2082 τὸ
1422 2029 1632 2101 σῶμα·
1689 2019 1910 2102 ἱμάντι
1958 2012 2031 2081 δὲ
2075 2019 2236 2097 μαλ-

201 2130 402 2211 θακῷ
452 2125 691 2200 ἱκανῶς
734 2129 967 2189 πλατεῖ
1010 2148 1080 2189 τε
1135 2122 1246 2189 καὶ
1300 2133 1529 2211 μακρῷ
1586 2123 1658 2189 ἐκ
1703 2126 1827 2190 δύο
1876 2125 2236 2189 διανταίων

359 2285 386 2332 1
428 2279 542 2334 ἐστὶ
577 2280 638 2333 Μ
710 2298 793 2350 σμ.
823 2281 940 2349 Pq.‚
979 2302 1031 2351 μ.
1064 2285 1166 2336 cet.
1251 2281 1508 2338 σννδίδοι
1544 2282 1616 2349 Β,
1654 2283 1948 2352 ξυνδιδοιξ
1982 2280 2067 2349 Μ,
2105 2280 2235 2345 ξυν-

205 2348 367 2405 δίδοι
402 2350 454 2404 V
543 2351 772 2420 ἀθρόως
807 2352 867 2404 Μ
1001 2358 1032 2405 2
1072 2350 1283 2422 γίνεται
1319 2372 1419 2423 pro
1458 2350 1615 2423 φαίν.
1654 2352 1774 2406 MV
1909 2358 1957 2405 3.
1996 2358 2030 2403 4
2068 2367 2236 2420 supra

204 2425 368 2476 κνκλ.
406 2439 475 2475 ss.
515 2425 838 2494 καταβραχυ
874 2425 1219 2493 κυκλωτερον
1256 2425 1331 2478 Β8
1469 2430 1503 2477 4
1542 2425 1727 2477 αὐτων
1764 2423 1810 2475 Β
1910 2426 2238 2492 γωνιοειδης

204 2492 312 2559 B¹‚
361 2509 497 2546 corr.
661 2500 692 2547 5
740 2495 1252 2565 διαναγκαζομένου
1300 2497 1458 2565 PAp.
1625 2500 1657 2547 6
1712 2494 2024 2561 κατασκευὴ
2070 2493 2236 2557 ξύλου

205 2572 315 2617 τοῦ
372 2568 794 2635 διαναγκασμοῦ
840 2566 931 2619 tit.
979 2565 1014 2618 i.
1063 2585 1136 2621 m.
1183 2567 1282 2620 inf.
1330 2566 1390 2619 Μ
1514 2566 1687 2630 ἔξεστι
1726 2609 1737 2619 .
1779 2606 1792 2618 .
1833 2606 1843 2617 .
1885 2563 2239 2632 δικαιοτέρας

206 2637 287 2706 (p.
322 2639 441 2702 181,
471 2637 524 2704 6)
563 2653 668 2689 om.
707 2640 762 2690 Γ
829 2636 1000 2701 ἔξεστι
1036 2640 1274 2705 utroque
1310 2638 1433 2692 loco
1461 2636 1582 2690 MV
1693 2642 1720 2690 7
1764 2636 1893 2709 ἔχον
1924 2678 1935 2688 .
1969 2678 1979 2688 .
2012 2678 2022 2687 .
2053 2654 2237 2702 παρα-

206 2704 343 2775 μήκ.
382 2722 486 2759 om.
525 2707 628 2775 Ap.
737 2708 1042 2775 κατορῦξαι
1078 2708 1130 2762 V
1273 2713 1305 2761 8
1346 2707 1625 2778 ἐντέμνειν
1661 2708 1765 2776 Ap.
1840 2711 1889 2760 8.
1920 2712 1952 2759 9
1998 2703 2033 2774 ἢ
2070 2705 2238 2779 πήχει

207 2794 323 2831 om.
363 2777 465 2845 Ap.
608 2784 639 2831 9
679 2780 811 2831 ante
848 2779 1013 2834 ἀνωτ.
1054 2780 1181 2833 add.
1220 2800 1254 2848 η
1292 2779 1367 2832 B1
1473 2777 1509 2847 ἢ
1547 2781 1675 2847 post
1712 2777 1877 2846 ἐδάφ.
1917 2795 2022 2831 om.
2060 2778 2163 2846 Ap.

210 2844 370 2909 ὅπως
403 2848 590 2916 BAp.‚
629 2847 710 2903 32.
751 2851 854 2903 cet.
943 2850 1055 2921 ἔχει
1091 2851 1251 2919 BAp.
1385 2855 1450 2904 10
1488 2849 1653 2915 ξύλον
1689 2867 1789 2918 pro
1829 2849 2024 2904 στύλον
2060 2850 2164 2918 Ap.

212 2959 283 3009 11
326 2953 674 3011 ἀπολιπόντα
710 2955 869 3024 BAp.
1055 2962 1119 3009 12
1168 2957 1512 3025 ἐπιστορησει
1546 2956 1617 3023 Β,
1675 2941 1856 3024 -ρέσῗί
1892 2955 1978 3022 Μ,
2028 2974 2096 3010 se.
2135 2955 2236 3023 Μ’,

209 3027 570 3093 ὑποστρῶσαι
606 3027 710 3095 Ap.
857 3032 930 3079 13
968 3024 1004 3095 ἢ
1041 3028 1197 3096 prius
1235 3045 1340 3081 om.
1379 3029 1509 3096 Ap.‚
1558 3028 1656 3081 καὶ
1693 3045 1762 3081 ss,
1801 3026 1890 3079 Μ’
2036 3024 2239 3082 λαίναν

210 3096 284 3162 Β,
329 3117 385 3159 -ς
419 3097 551 3165 Ap.‚
596 3106 835 3167 χιτῶνας
868 3097 988 3151 MV
1096 3096 1126 3153 ὃ
1164 3116 1268 3152 om.
1308 3100 1411 3167 Ap.
1561 3104 1627 3151 14
1675 3101 1806 3151 ante
1840 3095 1912 3166 ἢν
1950 3048 2077 3152 ειὲᾱ.
2116 3096 2239 3169 ἣθ)

210 3167 286 3232 Β,
330 3166 436 3221 del.
495 3169 618 3222 ead.
656 3187 727 3222 m.
837 3171 965 3238 post
1014 3167 1085 3237 ἣν
1136 3170 1264 3223 add.
1318 3169 1375 3223 δ’
1416 3169 1536 3223 MV
1681 3174 1747 3222 15
1803 3167 1839 3237 ἢ
1886 3172 2020 3223 ante
2062 3173 2247 3244 πολλῷ

211 3254 326 3293 om.
364 3238 485 3292 MV
598 3243 705 3308 θερ
749 3244 792 3293 ὦ
818 3243 1001 3294 πολλῶ
1028 3241 1132 3309 Ap.
1241 3242 1443 3302 λούσας
1478 3240 1598 3294 MV
1704 3239 1942 3295 κᾶπειτα
1979 3240 2098 3294 MV

211 3309 317 3363 καὶ
363 3309 447 3364 ἔπ.
495 3260 827 3374 κατατεὶνας
873 3296 1115 3381 πρὴνέα,
1169 3309 1577 3366 κατατείναντα
1624 3311 1686 3365 δὲ
1730 3310 1831 3373 τὰς
1866 3321 2053 3383 χεῖρας
2088 3333 2137 3365 κ.
2177 3331 2238 3379 φ.

211 3380 326 3448 Ap.
472 3386 537 3433 17
586 3381 775 3451 ἱμάντι
819 3384 1018 3437 πλατεῖ
1059 3383 1157 3436 καὶ
1204 3383 1440 3454 ἰσχυρῷ,
1497 3385 1773 3455 μαλθακῷ
1813 3382 1876 3437 δὲ
1921 3383 2018 3436 καὶ
2054 3385 2248 3453 μακρῷ

213 3451 270 3503 A
314 3492 324 3502 .
454 3457 519 3505 18
559 3451 734 3507 ἱκανῶ
763 3452 823 3506 Μ
894 3474 1084 3522 μακρω
1114 3454 1204 3521 ΒῙ,
1249 3456 1387 3507 muss.
1425 3453 1485 3506 in
1522 3457 1748 3521 μαλακω
1786 3452 1861 3504 B²
1967 3448 2239 3506 διαντέων

215 3468 413 3587 ΒὶῙἾ,
450 3521 582 3590 edm
620 3507 751 3592 Ap¹.‚
800 3520 971 3579 -αίων
1006 3524 1140 3578 Lisst.
1179 3541 1248 3578 ex
1283 3525 1408 3579 Par.
1447 3524 1571 3578 MN

327 3619 666 3662 {tumemus
692 3623 755 3662 11.
1856 3614 1920 3661 12
