2588 3876
391 155 518 218 170
839 159 1014 207 ΠΕΡΙ
1047 156 1339 209 ΑΡΘΡΩΝ
1375 158 1735 209 ΕΜΒΟΛΗΣ
1770 161 1855 208 43.
1877 161 1958 209 44

386 317 494 382 ἐπὶ
553 318 674 401 τὴν
733 326 861 400 γῆν
921 315 1221 401 ἀφίξεται
1279 320 1442 401 μήτε
1495 314 1688 381 αὐτοὶ
1733 317 2089 403 προπετέες
2135 321 2397 383 ἔσονται.

386 423 512 488 ἀπὸ
558 422 783 504 μέντοι
830 423 1102 508 τύρσιος
1140 421 1361 507 ἀφιεὶς
1406 421 1447 505 ἢ
1492 422 1620 488 ἀπὸ
1659 424 1848 488 ἱστοῦ
1883 428 2394 507 καταπεπηγότος

383 532 748 615 καρχήσιον
820 531 1088 613 ἔχοντος
1159 531 1269 593 ἔτι·
1330 531 1604 594 κάλλιον
1676 530 1761 595 ἄν
1831 552 1932 606 τις
2003 532 2392 614 σκευάσαιτο,

386 636 552 699 ὥστε
617 635 744 699 ἀπὸ
803 636 1137 721 τροχιλίης
1195 636 1275 699 τὰ
1335 636 1682 719 χαλώμενα
1740 626 1912 700 εἶναι
1973 635 2148 700 ὅπλα
2196 635 2236 719 ἢ
2280 635 2390 700 ἀπὸ

329 764 355 803 5
385 743 568 807 ὄνου.
652 738 848 824 ἀηδὲς
892 742 1024 825 μὴν
1069 740 1178 806 καὶ
1223 746 1669 828 μακρολογεῖν
1712 739 1866 827 περὶ
1911 742 2193 807 τούτων·
2238 742 2391 824 ὅμως

384 843 459 911 δὲ
524 846 596 913 ἐκ
658 848 916 913 τούτων
979 846 1065 911 ἂν
1126 858 1261 912 τῶν
1324 857 1761 932 παρασκευῶν
1824 848 2104 930 μάλιστα
2168 849 2249 913 ἄν
2306 871 2391 922 τις

382 956 869 1037 κατασεισθείη.
912 952 920 1038 Ι

280 1072 381 1122 188
519 1060 624 1124 44.
689 1061 778 1125 Εἰ
830 1059 1058 1144 μέντοι
1111 1059 1322 1146 κάρτα
1366 1061 1503 1125 ἄνω
1552 1066 1654 1144 εἴη
1698 1062 1773 1124 τὸ
1818 1060 2082 1145 ὕβωμα,
2144 1059 2280 1125 δέοι
2331 1055 2395 1122 δὲ

382 1168 753 1231 κατασείειν
807 1166 1096 1248 πάντως,
1153 1165 1258 1230 ἐπὶ
1313 1166 1524 1242 πόδας
1584 1170 1946 1249 λυσιτελεῖ,
2010 1167 2228 1251 ὥσπερ
2284 1166 2396 1248 ἤδη

304 1296 357 1335 10
383 1278 665 1358 εἴρηται·
727 1274 976 1337 πλείων
1031 1272 1158 1356 γὰρ
1220 1271 1395 1336 οὕτω
1455 1273 1707 1354 γίνεται
1766 1272 1807 1355 ἡ
1865 1273 2245 1357 καταρροπὴ
2303 1269 2396 1335 ε’πὶ

382 1387 605 1444 ταῦτα.
689 1377 965 1463 ἕρμάσαι
1012 1373 1087 1442 δὲ
1132 1378 1255 1463 χρὴ
1303 1380 1466 1443 κατὰ
1510 1374 1634 1460 μὲν
1677 1379 1751 1442 τὸ
1799 1384 2048 1460 στῆθος
2092 1380 2257 1464 πρὸς
2291 1379 2398 1461 τὴν

383 1487 667 1567 κλίμακα
709 1485 1179 1570 προσδήσαντα
1216 1485 1530 1570 ἰσχυρῶς,
1575 1486 1739 1548 κατὰ
1777 1480 1853 1548 δὲ
1887 1484 2009 1550 τὸν
2044 1483 2288 1568 αὐχένα
2320 1483 2398 1558 ὡς

382 1590 806 1675 χαλαρωτάτῃ
845 1592 1063 1676 ταινίῃ
1103 1591 1267 1655 ὅσον
1304 1599 1425 1654 τοῦ
1464 1596 1972 1676 κατορθοῦσθαι
2012 1590 2254 1655 εἵνεκα·
2300 1588 2396 1653 καὶ

383 1696 595 1779 αὐτὴν
638 1697 762 1780 τὴν
805 1697 1103 1780 κεφαλὴν
1147 1697 1313 1761 κατὰ
1357 1697 1432 1760 τὸ
1478 1696 1782 1780 μέτωπον
1824 1698 2196 1781 προσδῆσαι
2248 1695 2399 1782 πρὸς

301 1824 354 1864 15
382 1803 505 1885 τὴν
558 1803 867 1887 κλίμακα·
932 1804 1046 1879 τὰς
1100 1799 1175 1867 δὲ
1230 1812 1453 1888 χεῖρας
1514 1804 2070 1889 παρατανύσαντα
2122 1804 2284 1889 πρὸς
2332 1801 2396 1864 τὸ

382 1919 570 1991 σῶμα
614 1910 988 1995 προσδῆσαι
1031 1909 1141 1974 καὶ
1186 1910 1275 1993 μὴ
1321 1909 1489 1996 πρὸς
1533 1910 1656 1994 τὴν
1701 1913 2014 1995 κλίμακα·
2067 1910 2144 1974 τὸ
2189 1908 2397 1991 μέντοι

528 2037 556 2083 1
605 2029 708 2099 τὴν
746 2047 853 2084 om.
892 2026 1013 2085 MV
1119 2027 1391 2099 ἀφίξηται
1416 2031 1463 2084 Β
1573 2029 1726 2099 ἀφίξ.
1767 2049 1874 2085 om.
1903 2032 2008 2101 Ap.
2119 2048 2397 2099 προπετεις

381 2101 427 2153 Β
574 2106 605 2153 2
655 2101 729 2152 ad
765 2100 878 2154 ἀπὸ
925 2099 1115 2169 μέντοι
1157 2101 1382 2170 τύρσιος
1415 2123 1466 2156 κ.
1486 2122 1532 2156 τ.
1552 2105 1597 2156 λ.
1647 2102 1708 2155 in
1753 2117 1930 2173 marg.
1968 2102 2069 2155 inf.
2108 2102 2206 2155 B⁸=
2257 2103 2401 2155 καλεῖ

383 2170 560 2232 οὕτως
588 2168 845 2239 δηλονότι
880 2171 943 2225 τὸ
971 2170 1040 2240 μέ
1075 2172 1226 2227 ιστόν
1263 2192 1323 2227 τε
1359 2174 1457 2226 καὶ
1497 2171 1697 2241 ὄρθιον
1734 2173 1900 2238 ξύλον
1938 2169 1969 2226 ὃ
2007 2172 2153 2227 κατὰ
2189 2172 2251 2226 τὸ
2292 2171 2394 2225 ἅνω

380 2240 559 2309 πέρας
595 2239 931 2296 ἐπιτίθεται·
988 2242 1155 2307 ξυλον
1193 2242 1435 2297 ἄλλοθεν
1474 2243 1621 2299 ἐστιν
1661 2243 1964 2313 ἐγκαρσιαν
2003 2244 2130 2314 ἔχον
2166 2244 2240 2307 ὡς
2273 2241 2397 2310 πρὸς

381 2312 482 2367 τὸν
511 2312 664 2367 ἱστὸν
695 2312 751 2376 ἐξ
779 2307 846 2367 οὗ
866 2313 1032 2377 ξύλου
1051 2313 1114 2368 τὸ
1136 2312 1315 2369 ἱστίον
1345 2314 1590 2382 ἐξῆπται.
1648 2314 1799 2376 ἱστὸς
1827 2313 1928 2384 μὲν
1948 2314 2054 2384 γὰρ
2085 2313 2395 2383 ὀνομάζεται

379 2384 445 2437 τὸ
492 2381 638 2437 κατὰ
682 2390 782 2451 τῆς
827 2383 961 2453 νηὸς
1007 2384 1323 2453 ἐμπεπηγὸς
1368 2384 1549 2452 ὀρθὸν
1596 2385 1788 2450 ξύλον,
1836 2382 2015 2440 ἱστίον
2053 2383 2116 2440 δὲ
2153 2384 2189 2453 ἡ
2228 2400 2395 2453 φυσω-

381 2453 518 2523 μένη
556 2454 699 2522 πρὸς
733 2463 845 2508 τῶν
883 2453 1106 2523 ἀνέμων
1144 2453 1353 2524 ὀθόνη·
1410 2456 1542 2517 τοὺς
1578 2455 1641 2510 δὲ
1678 2455 1824 2510 κατὰ
1857 2455 1963 2525 τὴν
2001 2454 2120 2511 ἄνω
2157 2452 2394 2520 τελευτὴν

379 2534 482 2578 τοῦ
519 2525 675 2579 ἱστοῦ
712 2525 893 2587 κάλως
930 2525 1263 2594 ὀνομάζουσι
1300 2524 1661 2596 καρχησίους“
1719 2527 1819 2580 καὶ
1854 2525 1961 2596 γὰρ
2001 2526 2272 2595 εὔδρομον
2305 2523 2393 2592 τὴν

380 2593 604 2665 κίνησιν
642 2593 819 2658 οὕτως
854 2594 1210 2666 ἐργασόμεθα
1246 2598 1346 2651 καὶ
1384 2595 1596 2666 ὁμαλὴν
1634 2598 1732 2652 καὶ
1770 2594 2092 2665 ἰσόρροπον.
2160 2599 2313 2651 καλεῖ
2342 2591 2390 2647 δ’

382 2665 558 2728 οὕτως
593 2665 855 2734 δηλονότι
887 2667 1021 2730 τοὺς
1057 2666 1292 2732 digamas.
1370 2667 1450 2721 cf.
1491 2668 1612 2721 Gal.
1652 2684 1849 2721 comm.
1887 2667 2071 2721 XVIH
2111 2674 2155 2734 1,
2187 2673 2284 2721 521

379 2739 613 2807 ἀφιησει
649 2738 685 2805 ἠ
725 2740 778 2790 Γ
862 2736 932 2790 ἱσ.
971 2736 1024 2791 V
1169 2743 1200 2789 3
1237 2758 1291 2791 τι
1328 2739 1374 2791 Β
1462 2756 1688 2793 κατασκ.
1729 2738 1794 2804 V,
1836 2737 2164 2793 σκευάσοιτο
2199 2739 2299 2806 Ap.

367 2813 416 2859 -4
454 2809 528 2870 ὡς
555 2828 616 2877 γε
642 2809 748 2876 Ap.
822 2811 1102 2879 τροχιλιῆς
1128 2808 1180 2861 V
1252 2806 1400 2864 εἶναι
1428 2809 1576 2876 Wb.,
1605 2804 1755 2865 εἶναι
1784 2810 1888 2863 cet.
1967 2806 2112 2863 ὅπλα
2141 2803 2285 2864 εἶναι
2301 2807 2391 2873 Ap.

489 2884 520 2931 ὅ
559 2878 731 2948 ἀηδὲς
760 2921 771 2931 .
805 2921 815 2930 .
850 2921 861 2931 .
889 2886 1067 2932 ταῦτα
1096 2881 1206 2947 (11)
1244 2897 1351 2933 om.
1392 2882 1446 2932 Γ
1588 2901 1620 2934 ν
1656 2881 1760 2949 Ap.
1846 2878 2137 2949 μακρολέγ.
2175 2880 2277 2948 Ap.
2343 2894 2390 2929 π.

381 2949 566 3038 αὖτᾶζν
603 2949 748 3038 τούτ.
787 2949 892 3017 Ap.
946 3018 958 3038 1
1024 2956 1056 3003 6
1094 2947 1153 3003 δ’
1184 2951 1291 3018 Ap.
1365 2969 1497 3004 τουτ
1528 2971 1607 3041 ‘²²2¹'
1637 2951 1797 3004 codd.
1872 2948 1947 3005 ἂν
1975 2950 2134 3019 prius
2172 2967 2275 3004 om.
2303 2948 2392 3015 Ap.

381 3019 868 3144 adbgffatgczoegglv
885 3022 1149 3159 ffiVfflvff
1186 3022 1888 3161 Αλξυσιτελὲεῗέόέᾱῗατέῗ).
1908 3021 2394 3162 ἒὲἦκαίεἳιῖὲῗσ·

385 3165 450 3212 10
486 3164 590 3213 wi..
614 3182 661 3229 γ.
694 3160 777 3214 οὗ.
808 3178 913 3214 om.
944 3161 1049 3229 Ap.
1141 3160 1311 3217 πλείω
1348 3163 1394 3216 Β
1486 3183 1592 3233 γιν.
1623 3162 1687 3217 δὲ
1715 3163 1819 3231 Ap.
1912 3158 2264 3231 καταρροπίη
2292 3156 2397 3213 MV

457 3235 520 3282 11
563 3229 799 3298 ἐρμᾶσαι
836 3230 974 3298 MV,
1014 3231 1251 3300 ἑρμάσαι
1289 3234 1360 3299 Β,
1401 3233 1435 3286 i.
1476 3251 1547 3286 m.
1590 3233 1784 3303 ἐρησαι
1819 3231 1895 3286 B‘
2004 3233 2098 3287 ἐπὶ
2132 3253 2178 3287 τ.
2217 3235 2280 3287 δε
2314 3229 2396 3295 ὁρ-

381 3316 556 3366 μασαι
592 3320 695 3369 χρη
723 3301 828 3367 Ap.
905 3300 1019 3370 ἑρμ.
1059 3302 1159 3369 μὲν
1195 3303 1301 3373 χρὴ
1337 3303 1400 3358 τὸ
1441 3321 1516 3357 στ.
1549 3307 1604 3357 Γ
1742 3310 1807 3356 12
1846 3303 1993 3357 κατὰ
2030 3303 2094 3358 δὲ
2126 3348 2136 3356 .
2170 3347 2181 3357 .
2214 3346 2225 3356 .
2253 3319 2394 3366 περι-

379 3371 525 3440 βεβλ.
557 3371 630 3437 (p.
664 3374 781 3435 171,
806 3371 858 3437 3)
896 3388 1001 3423 om.
1042 3376 1097 3424 Γ
1196 3381 1337 3443 κλιμ.
1379 3378 1697 3443 αποθησαι·
1738 3376 1908 3443 δῆσαι
1945 3376 2009 3429 δε
2039 3373 2271 3445 ὁχσιρως
2302 3390 2393 3425 κα-

378 3441 576 3493 ταδεῖν
620 3439 719 3491 τὸν
757 3440 879 3509 αὐχ.
921 3441 1023 3502 ἕως
1058 3442 1162 3510 Ap.
1314 3450 1395 3497 12.
1439 3451 1505 3497 13
1553 3446 1625 3498 ἀσ
1663 3448 1745 3498 αλ.
1794 3461 1896 3513 pro
1935 3445 2011 3508 ὡς
2057 3447 2174 3514 γαλ.
2217 3443 2265 3497 V

384 3514 450 3559 13
487 3511 812 3574 κατορθοῦν
847 3510 894 3560 Β
1041 3517 1105 3565 16
1144 3512 1217 3581 μὴ
1257 3530 1362 3567 om.
1402 3515 1491 3581 B¹,
1532 3516 1606 3569 ad
1650 3558 1659 3568 .
1698 3515 1774 3568 Β3
