2588 3876
979 154 1154 205 ΠΕΡΙ
1187 154 1444 205 Arum<
1483 157 1549 206 15
2190 155 2270 219 71

236 312 748 390 ἀντιτείνοντες.
835 316 1078 380 τείνειν
1133 315 1208 380 δὲ
1250 313 1319 392 ἐς
1361 315 1436 379 τὸ
1494 316 1615 380 ἰθὺ
1668 317 1792 400 χρὴ
1839 318 2008 381 κατὰ
2064 319 2276 401 φύσιν

236 419 360 484 καὶ
417 420 585 486 κατὰ
636 423 760 504 τὴν
819 422 1152 507 ἰτθυωρίην
1209 431 1323 505 τῆς
1380 425 1631 507 κνήμης
1687 421 1797 486 καὶ
1855 433 1977 488 τοῦ
2035 433 2274 510 μηροῦ,

234 525 360 592 καὶ
416 525 503 610 ἢν
555 530 806 612 κνήμης
859 527 1052 593 ὀστέα
1111 531 1501 612 κατεηγυίης
1556 530 1966 614 κατατανύῃς
2022 529 2134 595 καὶ
2191 532 2275 616 ἢν

238 641 487 718 μηροῦ.
578 631 688 699 καὶ
751 632 1008 699 ἐπιδεῖν
1081 634 1290 711 οὕτως
1358 634 1801 721 έκτεταμένων
1862 635 2275 722 ἀμφοτέρων,

247 740 585 825 ὁπότερον
630 739 715 805 ἂν
758 741 1015 806 τούτων
1061 740 1347 826 ἐπιδέῃς·
1395 741 1475 806 οὐ
1522 744 1648 828 γὰρ
1693 743 1897 809 ταύτὰ
1951 744 2274 829 συμφέρει
2329 769 2353 809 5

240 844 471 911 σκέλει
528 870 597 911 τε
656 845 766 911 καὶ
825 849 1021 933 χειρί·
1085 850 1326 931 πήχεος
1384 844 1509 932 μὲν
1566 850 1691 933 γὰρ
1754 847 1862 914 καὶ
1921 853 2275 936 βραχίονος

236 952 423 1036 ἐπὴν
482 952 886 1019 ἐπιδεθῶσιν
943 952 1137 1019 ὀστέα
1194 957 1582 1038 κατεηγότα,
1649 953 2174 1039 ἀναλαμβάνεται
2232 959 2273 1041 ἡ

240 1062 418 1145 χείρ,
463 1058 572 1125 καὶ
618 1060 701 1144 ἢν
747 1058 1133 1144 ἐκτεταμένοι
1173 1059 1455 1146 ἐπιδέης,
1502 1062 1583 1125 τὰ
1620 1064 1913 1147 σχήματα
1949 1073 2082 1128 τῶν
2118 1080 2275 1148 σαρ-

232 1178 391 1231 κῶν
437 1164 836 1252 ἑτεροιοῦται
893 1165 966 1231 ἐν
1008 1176 1088 1253 τῇ
1146 1168 1520 1252 συγκάμψει
1564 1177 1684 1232 τοῦ
1737 1168 2057 1251 ἀγκῶνος·
2114 1169 2276 1233 ἀδύ-

242 1297 450 1349 νατος
496 1274 622 1358 γὰρ
670 1272 704 1338 ὁ
752 1272 975 1357 ἀγκὼν
1020 1272 1409 1338 ἐκτετάσθαι
1445 1277 1663 1339 πολὺν
1700 1277 1970 1360 χρόνον·
2017 1276 2097 1340 οὐ
2146 1278 2271 1361 γὰρ
2302 1303 2354 1341 ιο

236 1380 570 1456 πολλάκις
615 1379 691 1445 ἐν
734 1380 1014 1467 τοιούτῳ
1057 1380 1064 1463 Ι
1107 1381 1394 1445 εἴθισται
1439 1379 1936 1466 ἐσχηματίσθαι,
1983 1380 2123 1447 ἀλλ’
2182 1381 2256 1447 ἐν
2275 1400 2376 1447 472

239 1495 342 1576 τῷ
394 1486 930 1571 συγκεκάμφθαι·
994 1484 1105 1551 καὶ
1161 1487 1242 1570 δὴ
1298 1485 1408 1551 καὶ
1463 1488 1576 1552 ἅτε
1631 1489 1995 1572 δυνάμενοι
2051 1491 2115 1554 οὶ
2161 1490 2274 1554 ἄν-

241 1600 522 1678 θρωποι
575 1592 927 1677 περιιέναι,
985 1591 1150 1676 ἐπὴν
1204 1594 1368 1657 κατὰ
1413 1602 1600 1678 χεῖρα
1648 1600 1986 1679 τρωθῶσι,
2043 1613 2276 1679 συγκε-

236 1701 562 1784 κάμφθαι
616 1701 780 1763 κατὰ
831 1700 951 1764 τὸν
1005 1699 1270 1783 ἀγκῶνα
1317 1698 1596 1764 δέονται.
1688 1698 1916 1777 σκέλος
1968 1702 2041 1767 δὲ
2085 1699 2161 1766 ἔν
2203 1726 2273 1766 τε

132 1878 142 1884 ,
237 1816 444 1892 τῇσιν
489 1806 909 1890 ὁδοιπορίῃσι
954 1803 1064 1870 καὶ
1112 1804 1186 1870 ἐν
1229 1813 1319 1894 τῷ
1360 1803 1628 1870 ἑστάναι
1672 1806 1961 1871 εἴθισται
2008 1802 2116 1871 ὁτὲ
2152 1803 2274 1890 μὲν
2302 1832 2351 1872 15

239 1910 663 1997 ἐκτετάσθαι,
714 1911 820 1978 ὁτὲ
866 1908 940 1977 δὲ
987 1921 1270 1998 σμικροῦ
1311 1912 1457 1977 δεῖν
1491 1910 1906 1977 ἐκτετάσθαι·
1954 1910 2063 1977 καὶ
2106 1913 2275 1979 εἴθι-

243 2037 405 2084 σται
457 2025 818 2084 καθεῖσθαι
872 2017 939 2095 ἐς
993 2020 1068 2084 τὸ
1124 2020 1297 2083 κάτω
1362 2021 1526 2084 κατὰ
1581 2020 1791 2103 φύσιν
1851 2018 1961 2083 καὶ
2017 2021 2099 2103 δὴ
2163 2019 2273 2085 καὶ

241 2127 421 2207 πρὸς
455 2127 529 2190 τὸ
578 2125 760 2210 ὀχεῖν
793 2126 868 2190 τὸ
907 2127 1068 2190 ἄλλο
1115 2136 1327 2209 σῶμα·
1365 2126 1477 2190 διὰ
1521 2136 1717 2191 τοῦτο
1756 2127 2054 2213 εὔφορον
2096 2127 2274 2215 αὐτῷ

239 2231 394 2298 ἐστι
453 2233 527 2296 τὸ
575 2230 991 2313 ἐκτετάσθαι,
1040 2231 1202 2311 ὅταν
1256 2231 1506 2316 ἀνάγκη
1554 2229 1696 2318 ἔχῃ,
1743 2231 1853 2297 καὶ
1908 2234 1991 2317 δὴ
2036 2232 2145 2298 καὶ
2200 2233 2275 2299 ἐν

236 2349 405 2424 τῇσι
448 2342 704 2422 κοίτῃσι
748 2338 1065 2413 πολλάκις
1111 2335 1187 2402 ἐν
1230 2346 1321 2426 τῷ
1362 2339 1638 2423 σχήματι
1682 2340 1894 2425 τούτῳ
1943 2338 2123 2404 ἐστὶν
2170 2339 2273 2424 [ἐν
2301 2367 2353 2405 20

240 2454 343 2533 τῷ
385 2442 825 2528 ἐκτετάσθαι]·
873 2442 1040 2528 ἐπὴν
1085 2444 1158 2509 δὲ
1205 2444 1286 2528 δὴ
1333 2450 1581 2530 τρωθῇ,
1627 2442 1739 2510 καὶ
1774 2446 1815 2528 ἡ
1864 2444 2114 2528 ἀνάγκη
2161 2470 2274 2511 κα-

238 2551 694 2616 ταδουλοῦται
738 2552 860 2635 τὴν
906 2550 1197 2634 γνώμην,
1254 2550 1355 2614 ὅτι
1400 2549 1718 2615 ἀδύνατοι
1768 2554 2274 2635 μετεωρίζεσθαι

400 2785 426 2832 1
475 2778 594 2847 ἠθν
629 2779 675 2831 Β
821 2784 852 2831 2
900 2775 1204 2846 εἰθυωρίην
1232 2778 1277 2830 Β
1425 2782 1455 2829 3
1503 2775 1827 2847 κατηιγνίης
1860 2777 1934 2844 Β,
1975 2776 2275 2848 κατηγυίης

242 2885 377 2940 MV
481 2870 697 2938 κατάῧύ
699 2905 766 2954 ης
800 2884 864 2951 Β,
900 2903 970 2937 τα
1009 2901 1078 2937 se.
1107 2883 1196 2950 B3,
1234 2881 1564 2951 κατατείνης
1598 2883 1718 2936 MV
1860 2891 1895 2939 4
1933 2886 2063 2939 ante
2101 2884 2274 2949 οὕτως

242 2957 384 3012 add.
424 2955 487 3012 δὲ
524 2955 643 3009 MV
699 2906 765 3008 ηδ
805 2954 884 3009 ὁκ.
924 2954 1044 3008 MV
1128 2955 1340 3009 τούτων
1375 2954 1422 3019 J,
1463 2952 1593 3009 -έων
1633 2955 1734 3008 oet.
1845 2964 2019 3009 ταῦτα
2056 2956 2176 3010 MV

241 3031 404 3098 ξψφ
410 3027 570 3081 MV
695 3033 726 3080 6
765 3025 926 3095 σκέλη
963 3026 1009 3078 Β
1117 3025 1196 3092 πή
1233 3044 1335 3088 εως
1369 3024 1560 3091 BMV,
1600 3044 1717 3088 -εος
1751 3026 1897 3096 vulg.
2027 3033 2057 3080 9
2099 3026 2273 3096 ἕτεροι

243 3100 381 3155 οὔτε
409 3070 531 3151 MV
585 3098 685 3168 ξυγ
687 3119 736 3152 κ.
758 3097 817 3150 Μ
874 3103 940 3151 10
967 3100 1124 3152 πουλ
1146 3047 1228 3149 Μχ
1261 3102 1324 3149 11
1358 3096 1542 3167 ἐσχημ.
1566 3113 1670 3150 om.
1692 3096 1812 3150 MV
1869 3103 1933 3150 12
1955 3115 2034 3165 sq
2056 3099 2270 3169 ξυγκεκ.

239 3173 491 3238 utroque
537 3119 685 3223 1000y
696 3169 817 3223 MV
958 3187 1060 3236 περ
1064 3166 1260 3222 ιειέναι
1309 3167 1381 3233 Β,
1428 3170 1561 3221 mut.
1619 3167 1680 3220 in
1724 3177 2000 3235 περιεῖναι
2049 3168 2124 3220 B⁸

244 3249 320 3296 14
370 3239 574 3295 δέοντα
610 3240 663 3292 V
816 3244 881 3292 15
903 3257 983 3307 sq.
1025 3237 1113 3293 ὅτε
1149 3238 1236 3292 bis
1274 3239 1394 3293 MV
1510 3259 1638 3308 μικρ
1608 3247 1708 3307 ροῦ
1747 3239 1866 3293 MV
1966 3245 2136 3294 16.17
2177 3241 2274 3294 καὶ

238 3312 363 3369 εὖθ’.
394 3316 531 3365 καθ.
562 3327 666 3365 om.
697 3311 834 3376 MV,
877 3309 1026 3364 κάτω
1065 3327 1134 3363 ss.
1164 3309 1238 3361 B³
1365 3315 1430 3363 18
1471 3309 1500 3363 ὀ
1539 3308 1651 3364 έειν
1689 3309 1807 3363 MV
1924 3314 2183 3365 διατοῦτο
2222 3309 2273 3361 V

361 3389 425 3436 19
467 3381 614 3452 ἀνάγ
616 3402 684 3451 κη
690 3403 722 3436 ν
757 3352 948 3448 BMV,
993 3401 1087 3449 -κη
1125 3380 1291 3449 vulg,
1332 3381 1390 3452 ἔχ
1394 3399 1441 3434 ει
1477 3331 1535 3432 ἒξ
1668 3386 1737 3434 20
1771 3380 1976 3453 τουτέῳ
2013 3381 2066 3433 V
2144 3381 2272 3448 post

238 3455 400 3511 ἐστὶν
441 3453 570 3507 add.
583 3402 684 3507 γέν
708 3457 784 3526 τῷ
813 3451 1143 3507 ἐκτετάσθαι
1191 3453 1448 3520 (ἥδεσθαι
1485 3450 1563 3520 Μ)
1602 3450 1788 3517 codd„
1829 3450 1933 3504 del.
1943 3435 2126 3515 Bosq.

239 3533 314 3582 21
358 3525 432 3594 δὴ
470 3540 576 3577 om.
607 3523 697 3592 131,
734 3508 804 3577 εἷε.
834 3523 909 3576 B³
1014 3524 1113 3576 καὶ
1147 3522 1182 3591 ἡ
1221 3522 1285 3589 Β,
1324 3538 1428 3574 om.
1461 3523 1563 3573 cet.
