2588 3876
365 149 448 214 88
1032 152 1205 202 ΠΕΡΙ
1239 148 1497 202 ΑΓΜΩΝ
1534 153 1619 203 27.
1649 153 1716 202 28

364 310 601 397 ἐκπέσῃ
647 313 720 377 τὸ
758 289 1274 397 ἐκπυησόμενον,
1318 313 1581 376 θᾶσσόν
1611 317 1686 375 ’τε
1723 315 2083 397 σαρκοῢται
2119 309 2389 388 ἐκείνως

364 417 405 501 ἢ
451 415 685 503 ἑτέρως
731 419 1202 504 ἱητρευόμενον
1246 417 1356 482 καὶ
1400 422 1664 483 θᾶσσον
1698 418 2099 482 ὠτειλοῦται.
2168 418 2389 483 πάντα

362 527 497 608 μήν
542 523 678 589 ἐστι
716 533 922 589 ταῦτα
958 523 1181 609 ὀρθῶς
1216 521 1477 588 ἐπιδεῖν
1506 524 1616 588 καὶ
1652 525 1934 609 μετρίως
1965 522 2388 590 ἐπίστασθαι.

359 632 978 717 προσσυμβάλλεται
1024 626 1098 695 δὲ
1142 631 1252 695 καὶ
1306 630 1388 695 τὰ
1436 632 1758 715 σχήματα,
1804 628 1889 712 ἢν
1931 621 2058 716 <ᾗ>
2104 621 2216 695 οἶα
2258 632 2387 716 χρὴ

278 763 333 804 5
363 732 567 821 εἶναι,
626 738 735 824 καὶ
778 737 820 820 ἡ
880 738 1047 820 ἄλλη
1095 738 1316 802 δίαιτα
1369 737 1477 801 καὶ
1523 746 1660 801 τῶν
1713 736 2011 802 ὀθονίων
2064 735 2108 819 ἡ
2164 735 2385 820 ἐπιτη-

362 844 635 927 δειότης.

493 950 597 1016 28.
630 948 761 1014 Ἢν
805 947 880 1015 δὲ
925 952 1053 1036 ἄρα
1100 949 1513 1036 ἐξαπατηθῇς
1547 950 1623 1016 έν
1657 962 1796 1027 τοῖς
1830 949 2269 1036 νεοτρώτοισι
2291 950 2385 1032 μὴ

357 1057 666 1144 ,οἰόμενος
718 1056 966 1122 ὀστέων
1009 1056 1378 1122 ἀπόστασιν
1431 1059 1731 1141 ἔσεσθαι,
1784 1058 1865 1142 τὰ
1909 1054 1967 1121 δ’
2022 1053 2295 1133 ἐπίδοξα
2340 1046 2386 1139 ᾗ

254 1180 358 1228 512
379 1162 784 1247 ἀναπλῶσαι,
831 1163 912 1229 οὐ
953 1162 962 1249 Ι
1002 1164 1126 1249 χρὴ
1164 1163 1487 1248 ὀρρωδεῖν
1522 1172 1766 1230 τοῦτον
1808 1164 1929 1229 τὸν
1970 1166 2222 1250 τρόπον
2262 1172 2386 1247 τῆς

281 1297 334 1337 10
363 1267 670 1355 ἰητρείης·
738 1266 939 1335 οὐδὲν
1000 1270 1128 1355 γὰρ
1193 1268 1279 1334 ἂν
1341 1268 1507 1354 μέγα
1571 1275 1894 1356 φλαῦρον·
1941 1268 2230 1353 γένοιτο,
2296 1268 2385 1351 ἣν

359 1382 615 1459 μοῦνον
660 1367 800 1452 οἷός
843 1398 913 1440 τε
956 1367 1037 1459 ᾖς
1079 1385 1158 1461 τῇ
1204 1376 1374 1461 χειρὶ
1419 1377 1537 1453 τὰς
1582 1375 1914 1453 έπιδέσιας
1963 1375 2225 1458 ἀγαθὰς
2266 1377 2383 1441 καὶ

360 1480 625 1558 ἀσινέας
660 1486 1017 1547 ποιεῖσθαι.
1092 1491 1368 1566 σημεῖον
1413 1478 1489 1548 δὲ
1532 1483 1706 1567 τόδε,
1751 1482 1837 1566 ἢν
1881 1482 2086 1567 μέλλῃ
2131 1481 2384 1548 ὀστέων

356 1586 716 1664 ἀπόστασις
769 1585 1042 1654 ἔσεσθαι
1101 1587 1176 1653 ἐν
1217 1596 1311 1676 τῷ
1356 1590 1578 1677 τρόπῳ
1631 1590 1844 1676 τούτῳ
1892 1598 2008 1673 τῆς
2063 1589 2381 1675 ἰητρείης·

356 1703 534 1760 πῦον
577 1696 702 1781 γὰρ
751 1696 1000 1780 συχνὸν
1045 1695 1148 1780 ῥεῖ
1193 1693 1267 1759 ἐκ
1310 1704 1431 1760 τοῦ
1476 1694 1699 1773 ἕλκεος
1742 1695 1849 1761 καὶ
1896 1695 2106 1781 ὀργᾶν
2145 1697 2384 1780 φαίνε-

277 1828 332 1869 15
359 1825 487 1867 ται.
555 1803 971 1886 πυκνότερον
1016 1797 1142 1866 οὖν
1186 1801 1560 1885 μετεπιδεῖν
1605 1802 1716 1868 διὰ
1760 1803 1878 1866 τὸν
1912 1801 2192 1885 πλάδον,
2237 1800 2383 1866 ἐπεὶ

358 1909 570 1985 ἄλλως
623 1931 694 1975 τε
752 1905 862 1973 καὶ
926 1906 1241 1994 άπύρετοι
1302 1910 1635 1993 γίνονται,
1695 1906 1808 1973 καὶ
1871 1906 1956 1992 ἣν
2017 1910 2107 1993 μὴ
2169 1908 2382 1995 κάρτα

356 2015 702 2093 πιέζωνται
746 2014 878 2079 ὑπὸ
922 2023 1039 2098 τῆς
1084 2013 1443 2100 ἐπιδέσιος,
1487 2014 1597 2081 καὶ
1641 2017 1716 2081 τὸ
1761 2014 1951 2092 ἕλκος
1983 2016 2096 2081 καὶ
2139 2016 2222 2080 τὰ
2262 2038 2381 2080 πε-

359 2118 662 2204 ριέχοντα
716 2120 927 2214 ἰσχνά.
1016 2120 1166 2186 ὅσαι
1218 2118 1344 2206 μὲν
1397 2116 1523 2187 οὖν
1582 2126 1840 2187 λεπτῶν
1893 2124 2073 2187 πάνυ
2128 2121 2381 2188 ὀστέων

358 2224 767 2310 ἀποστάσιες,
813 2226 1124 2311 οὐδεμιῆς
1159 2228 1446 2311 μεγάλης
1490 2231 1857 2312 μεταβολῆς
1893 2228 2179 2313 δέονται,
2225 2227 2369 2294 ἀλλ’

277 2360 329 2400 20
356 2330 398 2414 ἢ
459 2333 918 2418 χαλαρώτερον
986 2332 1260 2417 ἐπιδεῖν,
1333 2334 1422 2412 ὡς
1478 2336 1567 2418 μὴ
1640 2334 2183 2419 ἀπολαμβάνηται
2245 2336 2323 2400 τὸ
2366 2333 2376 2419 Ι

251 2456 356 2506 514
372 2446 569 2523 πῦον,
615 2437 759 2503 ἀλλ’
803 2439 1262 2526 εὐαπόρρυτον
1308 2432 1351 2526 ᾗ
1394 2439 1503 2505 καὶ
1547 2444 1955 2526 πυκνότερον
2000 2441 2380 2525 μετεπιδεῖν

498 2603 525 2650 1
576 2596 849 2667 ἐκπεσούμ
850 2616 976 2651 ενον
1022 2596 1184 2664 Bosq.
1223 2594 1356 2651 Litt
1502 2603 1536 2650 4
1581 2616 1657 2665 πρ
1627 2598 1850 2687 posvghf.
1881 2596 1933 2652 V
2113 2598 2259 2651 ,καὶ
2304 2595 2379 2666 ἢν

354 2664 447 2722 οἱα
484 2668 561 2733 N,
610 2684 642 2721 σ
680 2669 826 2722 ,καὶ
872 2664 967 2722 οἶα
1003 2667 1308 2721 DFHIJK
1342 2669 1507 2736 Bosq.
1546 2668 1706 2734 Litt„
1729 2669 1849 2757 [ην
1921 2614 2073 2723 οἶασ
2174 2668 2376 2735 ..,Β8.ε

356 2755 436 2809 σχ.
476 2736 548 2792 ἂν
593 2759 687 2793 οα
723 2739 869 2792 Erm.
946 2730 1098 2863 <ᾖ>8
1115 2754 1262 2879 egoV
1266 2739 1464 2793 addidi
1610 2745 1639 2792 7
1688 2735 1746 2796 δ’
1786 2739 1846 2793 Μ
2013 2749 2131 2801 τοῖς
2174 2711 2376 2806 ΒΜἾ,

353 2817 495 2862 τοῖσι
530 2824 635 2863 rec.
677 2812 735 2863 ei}
770 2810 902 2863 edit.
1415 2815 1446 2864 9
1484 2811 1810 2864 ἀναπλωσαι
1844 2811 1981 2864 mut.
2020 2810 2096 2863 B⁸
2131 2810 2193 2864 in
2229 2811 2375 2864 ἀνα-

274 2892 279 2895 ’
350 2881 582 2934 πλευσαι
682 2880 745 2949 ὀρ
749 2885 891 2950 ωδεη
895 2901 928 2934 ν
963 2881 1025 2944 Β,
1065 2882 1372 2951 φοβεῖσθαι
1408 2897 1477 2935 ss.
1507 2881 1596 2947 13⁸,
1637 2879 1932 2950 ὀρρωδέειν
1969 2884 2073 2936 cet.
2173 2890 2377 2936 τοῦτον

353 2966 457 3003 om.
462 2951 704 3041 B¹MV‚
715 2900 891 3006 ρειᾱᾶ.
896 2923 1034 3005 B⁸H
1063 2951 1133 3004 al.
1162 2968 1335 3006 manu
1339 2953 1526 3040 Bosq.
1557 2952 1689 3005 Litt.
1719 2952 1864 3005 Erm.
1977 2958 2044 3005 10
2082 2951 2299 3022 ἰητρίης
2326 2954 2375 3006 Β

458 3042 530 3075 αν
567 3039 671 3075 om.
701 3022 747 3074 B
857 3027 920 3075 11
962 3022 1058 3093 ἔσῃ
1094 3040 1196 3091 pro
1230 3042 1290 3077 τε
1328 3013 1393 3116 ᾖς
1428 3022 1548 3078 MV
1666 3029 1731 3077 12
1766 3021 2064 3078 ποιέεσθαι
2101 3024 2260 3077 codd

355 3096 421 3145 13
460 3092 580 3161 ἰητρ
585 3090 750 3162 ίηςΒ
889 3098 955 3146 14
991 3110 1157 3147 ποιον
1191 3093 1255 3160 Β,
1289 3094 1439 3149 πυον
1475 3093 1527 3149 V
1600 3092 1757 3163 φέρει
1791 3094 1880 3160 B¹,
1918 3094 2130 3149 lineola
2167 3094 2272 3148 del
2315 3098 2377 3149 et

354 3179 423 3216 ss,
464 3112 580 3233 ᾇέει
608 3163 685 3216 Β8
810 3168 876 3216 15
914 3161 1337 3233 μετεπιὸέεσθαι
1373 3164 1494 3220 MV
1563 3165 1780 3221 πλαδὸν
1814 3165 1867 3218 V
1997 3171 2064 3220 16
2101 3165 2277 3227 ἄλλως
2314 3186 2376 3220 τε

352 3234 450 3288 καὶ
487 3233 607 3288 ἐπεὶ
642 3234 791 3302 ἀπύρ
795 3253 908 3289 ετοι
944 3231 1082 3303 γίγν.
1117 3233 1260 3288 th.
1353 3237 1583 3304 πυρετοὶ
1618 3257 1757 3307 γιγν
1787 3236 1907 3290 MV
1994 3237 2094 3290 καὶ
2130 3238 2262 3290 ante
2301 3235 2376 3305 ἢν

353 3321 458 3358 om.
488 3305 534 3358 Β
617 3303 716 3373 μὲν
752 3322 854 3373 pro
892 3304 965 3374 μὴ
1002 3304 1122 3358 MV
1266 3310 1332 3359 18
1370 3304 1475 3362 ὅσα
1506 3307 1566 3360 Μ
1711 3312 1777 3361 19
1815 3306 2051 3378 μεγάλης
2087 3325 2192 3362 om.
2225 3309 2376 3362 anti-

352 3376 569 3446 grapha
598 3375 875 3443 quaedam
903 3374 1102 3429 Galeni
1212 3381 1279 3430 20
1311 3381 1487 3449 χαλαρ
1491 3378 1693 3446 ώτερον
1721 3378 1789 3444 Η,
1820 3379 2022 3447 -ώτερα
2052 3380 2156 3432 oet
2189 3379 2372 3446 codd„

351 3447 597 3571 -ώτεροθ
632 3488 642 3499 .
677 3444 785 3499 ,τὰ
837 3443 1043 3501 ὀθόνια
1095 3446 1214 3501 Gal.
1247 3465 1319 3513 o„
1376 3448 1616 3518 -ωτέρως
1663 3449 1812 3519 vulg.
1968 3455 2033 3503 21
2086 3468 2254 3505 ποιον
2307 3451 2374 3516 Β,

352 3518 496 3573 πύον
