2588 3876
862 153 1261 205 MOXAIKON
1302 157 1384 205 31.
1417 156 1500 204 32.
1532 156 1598 204 33
2107 151 2238 215 263

221 316 362 400 γάρ.
444 316 522 379 τὰ
578 313 637 378 δ’
692 312 764 379 ἐκ
818 324 1048 398 γενεῆς
1099 314 1222 396 μὲν
1276 314 1317 399 ἢ
1365 312 1439 379 ἐν
1494 312 1762 397 αὐξήσει
1817 315 1978 378 κατὰ
2037 316 2242 398 λόγον

219 433 351 488 τῶν
396 424 737 507 πρότερον.
830 418 993 508 (32.)
1059 419 1198 485 ἐπεὶ
1243 423 1324 486 τὰ
1379 422 1658 505 σμικρὸν
1705 420 2123 505 ὠλισθηκότα
2167 419 2241 486 ἐκ

222 538 448 613 γενεῆς
507 525 654 594 ἔνια
715 519 823 593 οἶά
881 552 950 593 τε
1010 529 1491 613 διορθοῦσθαι·
1564 529 1845 610 μάλιστα
1905 524 1979 593 δὲ
2038 528 2242 604 ποδὸς

221 637 567 711 κύλλωσις·
624 636 991 711 κυλλώσιος
1035 636 1162 720 γάρ
1210 635 1333 719 οὐχ
1380 626 1476 711 εἷς
1519 637 1776 720 τρόπος.
1859 635 1899 717 ὴ
1946 630 2021 700 δὲ
2069 640 2241 719 ἴησις

215 743 481 825 τούτου,
520 747 999 827 κηροπλαστεῐν
1034 751 1292 828 κηρωτῇ
1331 733 1709 827 ῥητινώδει·
1747 742 1991 807 ὀθόνια
2028 742 2240 824 συχνά
2296 766 2319 806 5

215 850 259 934 ἢ
304 848 515 931 πέλμα
560 848 600 933 ἢ
646 849 1014 932 μολύβδιον
1068 850 1530 935 προσεπιδεῖν,
1585 850 1672 931 μὴ
1719 851 1945 934 χρωτί·
2002 847 2242 931 ἀνάλη-

218 967 332 1034 ψις
376 957 458 1021 τά
500 979 573 1020 τε
620 958 913 1040 σχήματα
960 955 1376 1038 ὁμολογείτω.

352 1063 456 1128 33.
509 1059 641 1127 ’Ἢν
687 1058 760 1127 δὲ
797 1060 1300 1148 ἐξαρθρήσαντα
1336 1061 1523 1139 ἕλκος
1557 1061 1964 1145 ποιησάμενα
1999 1060 2241 1152 ἐξίσχῃ,

219 1169 471 1252 ἐώμενοι
517 1169 794 1252 ἀμείνω,
850 1170 1016 1233 ὥστε
1063 1169 1143 1252 δὴ
1200 1169 1288 1251 μὴ
1345 1167 1828 1254 ἀπαιωρεῖσθαι
1882 1165 2033 1252 μηδ’
2077 1167 2243 1233 ἀπα-

216 1277 677 1360 ναγκάζεσθαι.
761 1282 935 1360 ἴησις
982 1271 1055 1340 δὲ
1091 1285 1378 1362 πισσηρῇ
1425 1275 1465 1360 ἢ
1513 1278 1877 1358 σπλήνεσιν
1913 1276 2241 1360 οἱνηροῖσι
2269 1300 2322 1340 10

214 1390 574 1469 θερμοῖσιν
613 1421 696 1429 -
736 1384 939 1448 ἄπασι
976 1385 1102 1468 γὰρ
1141 1383 1481 1448 τούτοισιν
1516 1383 1589 1447 τὸ
1629 1383 1888 1468 ψυχρὸν
1923 1383 2128 1447 κακὸν
2157 1420 2241 1429 —

216 1491 329 1556 καὶ
375 1491 717 1575 φύλλοισι·
777 1500 1097 1575 χειμῶνος
1142 1489 1218 1554 δὲ
1263 1490 1529 1574 εἰρίοισι
1567 1487 2092 1574 ῥερυπωμένοισι
2128 1497 2244 1572 τῆς

214 1597 459 1681 σκέπης
496 1597 740 1661 εἵνεκα·
800 1598 886 1680 μὴ
925 1596 1436 1680 καταπλάσσειν,
1475 1593 1624 1679 μηδ’
1673 1595 1940 1661 ἐπιδεῖν.
2024 1596 2244 1660 δίαιτα

218 1706 449 1787 λεπτή,
495 1713 733 1787 ψῦχος,
781 1704 989 1786 ἄχθος
1034 1703 1240 1785 πολύ,
1296 1701 1532 1786 πίεξις,
1581 1701 1861 1786 ἀνάγκη,
1918 1705 2244 1786 σχήματος

215 1809 413 1888 τάξις.
497 1808 744 1875 εἰδέναι
780 1806 903 1891 μὲν
941 1803 1066 1874 οὖν
1102 1808 1384 1893 ὀλέθρια
1427 1817 1634 1873 ταῦτα
1670 1808 1900 1873 πάντα.
1965 1811 2242 1893 μετρίως
2271 1833 2321 1873 15

217 1919 295 1984 δὲ
340 1915 875 2003 θεραπευθέντες
919 1916 1120 2001 χωλοὶ
1166 1917 1477 2002 αἰσχρῶς·
1523 1916 1607 2001 ἢν
1653 1916 1778 2001 γὰρ
1825 1917 2001 2001 παρὰ
2037 1917 2243 1993 πόδας

216 2024 509 2109 γένηται,
554 2026 725 2101 ποὺς
760 2023 1152 2106 ἀνασπᾶται,
1198 2024 1308 2088 καὶ
1343 2024 1430 2105 ἥν
1464 2044 1552 2109 πῃ
1592 2025 1778 2108 ἄλλῃ,
1824 2024 1988 2088 κατὰ
2024 2025 2242 2106 λόγον.

214 2131 415 2197 ὀστέα
461 2131 541 2196 οὐ
579 2132 752 2212 μάλα
788 2129 1164 2214 ἀφίσταται·
1228 2131 1470 2215 σμικρὰ
1516 2131 1641 2214 γὰρ
1688 2135 2019 2214 ψιλοῦται,
2061 2134 2070 2208 Ι
2110 2151 2222 2194 πε-
2244 2144 2348 2193 376

19 2267 20 2292 ι
104 2225 107 2228 ,
214 2242 674 2324 ριωτειλοῦται
721 2241 993 2313 λεπτῶς·
1054 2236 1313 2313 τούτων
1357 2237 1437 2301 τά
1481 2235 1758 2319 μέγιστα
1803 2237 2244 2301 κινδυνότατα

214 2345 328 2409 καὶ
384 2345 462 2409 τὰ
518 2343 853 2408 ἀνωτάτω·
927 2341 1111 2419 ἐλπὶς
1166 2340 1240 2408 δὲ
1293 2344 1508 2427 μούνη
1564 2344 1914 2429 σωτηρίης,
1980 2340 2097 2407 ἐὰν
2155 2344 2241 2425 μὴ
2271 2368 2324 2407 20

216 2450 538 2535 ἐμβάλλῃ,
602 2450 777 2532 πλὴν
830 2450 911 2513 τά
963 2450 1126 2514 κατὰ
1182 2450 1548 2526 δακτύλους
1600 2450 1711 2514 καὶ
1765 2458 1950 2535 χεῖρα
2008 2450 2243 2535 ἄκρην·

213 2566 425 2622 ταῦτα
469 2552 544 2621 δὲ
588 2557 986 2643 προειπόντα
1030 2558 1186 2632 τοὺς
1230 2556 1592 2632 κινδύνους
1638 2553 1960 2640 ἐγχειρεῖν
2005 2552 2242 2638 ἐμβάλ-

366 2684 395 2730 1
449 2675 506 2731 δ’
546 2678 629 2743 Μ,
685 2675 749 2732 δὲ
786 2678 890 2730 cet.
1037 2682 1067 2729 2
1122 2685 1234 2733 τῶν
1278 2695 1372 2745 πρ.
1412 2677 1496 2745 Μ,
1552 2685 1663 2730 τῶν
1699 2676 1762 2731 τὸ
1800 2695 1892 2744 πρ.
1942 2674 2240 2740 DHIKU,

212 2748 319 2804 τὸν
355 2766 448 2816 πρ.
486 2747 633 2818 vulg.
771 2748 960 2803 ἔπειτα
999 2748 1185 2815 codd.‚
1244 2749 1365 2803 ἐπεὶ
1407 2747 1477 2802 τὰ
1523 2748 1684 2815 Litt„
1741 2747 1811 2801 cf.
1849 2766 1907 2802 π.
1949 2746 2083 2815 ἄρθ.
2124 2747 2189 2816 ἐμ
2229 2789 2240 2800 .

219 2838 265 2875 0.
308 2825 376 2874 62
436 2819 442 2824 ’
488 2819 564 2873 ὀλ.
613 2818 972 2872 MFHKNU
1116 2826 1147 2871 3
1204 2819 1273 2887 δὴ
1324 2819 1650 2887 ὀρθοῦσθαι
1695 2819 1756 2872 Μ
1898 2824 1934 2871 4
1986 2818 2117 2887 post
2164 2837 2244 2879 ες

216 2891 350 2945 add.
390 2889 505 2944 ἐστὶ
540 2906 730 2944 omnes
766 2892 991 2959 praeter
1027 2890 1086 2943 M
1231 2896 1261 2944 5
1299 2889 1529 2945 τουτέου
1567 2891 1727 2944 codd.
1838 2892 2242 2958 κηροπλαστεῖν

220 2962 361 3028 ΚΝ,
400 2960 538 3016 -έειν
575 2960 658 3027 Μ,
698 2978 805 3015 om.
844 2961 942 3016 rel.
984 2962 1142 3016 codd.
1254 2958 1516 3030 ᾆιτινώὃη
1555 2961 1639 3028 Μ,
1678 2960 1895 3030 κηρωτὴ
1935 2957 2244 3031 ᾇητινώδης

220 3033 355 3087 Litt.
394 3048 463 3087 ex
500 3032 651 3086 Parr.
691 3031 805 3085 HK
948 3038 980 3086 6
1025 3031 1204 3101 πέλμα
1241 3032 1378 3085 MIJ
1388 3032 1462 3099 U,
1509 3051 1685 3102 «ματα
1722 3031 1868 3102 vulg.
1979 3040 2149 3102 χρῶτι
2184 3031 2243 3083 Μ

329 3110 360 3158 9
399 3102 709 3171 ἀπαιωρέε-
746 3103 905 3157 codd.
1056 3109 1122 3157 10
1167 3111 1409 3174 πισσηρῇ
1446 3104 1528 3169 Μ,
1569 3102 1663 3173 -ρὴ
1701 3102 1851 3174 vulg.
2002 3108 2065 3157 11
2113 3122 2243 3157 του-

216 3173 450 3245 τέοισι(ν
486 3176 565 3244 M)
601 3175 761 3229 codd.
913 3180 977 3227 13
1014 3172 1148 3244 μηδ’
1192 3174 1273 3239 Μ,
1314 3174 1455 3245 μηδὲ
1492 3175 1596 3229 cet.
1745 3180 1812 3227 14
1857 3173 2042 3245 ψύχος
2079 3175 2240 3228 codd.

328 3246 471 3299 πολὺ
509 3263 616 3300 om.
654 3247 713 3299 M
851 3251 915 3299 15
955 3245 1032 3299 ὄλ.
1070 3265 1115 3299 τ.
1154 3264 1212 3300 π.
1242 3246 1326 3312 Μ,
1363 3265 1409 3299 τ.
1449 3264 1504 3299 π.
1539 3245 1614 3299 ὄλ.
1646 3246 1749 3300 cet.
1898 3251 1965 3299 18
2003 3243 2243 3313 ἀφίστα-

216 3336 315 3371 ται
351 3316 435 3383 Μ,
482 3336 635 3371 -νται
671 3318 775 3372 oet.
887 3333 971 3385 σμ.
1013 3316 1234 3385 scripsi,
1274 3337 1327 3386 μ.
1368 3318 1470 3370 cet.
1594 3322 1658 3369 19
1695 3314 1936 3371 τουτέων
1974 3316 2134 3369 codd.
2172 3333 2175 3336 ’

219 3386 706 3443 κινδυνωδέστατα
742 3389 816 3455 Μ,
855 3389 1242 3443 κινδυνώτατα
1278 3388 1427 3457 vulg.
1574 3392 1642 3441 20
1679 3387 1857 3456 μούνη
1894 3386 1981 3453 Μ,
2016 3385 2141 3439 Par.
2171 3385 2242 3451 N,

218 3457 365 3527 μόνη
412 3457 560 3527 vulg.
696 3465 761 3513 21
812 3457 1018 3529 ἐμβάλῃ
1066 3458 1150 3526 Μ,
1217 3458 1342 3512 Par.
1381 3458 1437 3511 N
1579 3464 1647 3511 22
1695 3458 1807 3525 πρὸ
1859 3453 2015 3511 εἶπεν
2059 3456 2129 3510 τὰ
2165 3456 2242 3521 Μ,

219 3527 457 3596 πρόειπε
485 3532 737 3599 (προεῖπε
764 3529 837 3598 N)
872 3538 945 3583 τῶ
975 3532 1081 3583 cet.
1110 3530 1288 3596 codd„
1318 3528 1627 3598 προειπέτω
1647 3529 1798 3595 Litt„
1829 3527 2028 3595 scripsi
2054 3545 2245 3595 προει-
