2588 3876
322 174 454 240 248
1011 179 1408 230 ΜοΧΑΠζοΝ
1446 182 1495 230 2.
1525 182 1574 230 3.
1604 182 1638 229 4

323 339 628 427 <ἀλή>τῳ
659 341 788 405 σὺν
815 340 1030 425 μάννῃ
1058 339 1100 423 ἢ
1127 341 1294 427 θείῳ
1324 342 1453 405 σὺν
1478 349 1766 425 κηρωτῇ·
1797 340 2033 405 αὐτίκα
2060 339 2367 405 ἀναπλά-.

327 463 487 522 σεις·
535 442 759 511 ἔπειτα
796 445 1163 530 ἀνακωχεῖν
1197 457 1372 513 τοῖσι
1409 447 1796 513 δακτύλοισι
1823 445 2362 529 ἐσματευόμενον

326 551 438 618 καὶ
464 550 1042 637 παραστρέφοντα·
1069 553 1179 617 καὶ
1207 553 1283 617 τὸ
1305 543 1799 638 Καρχηδόνιον·
1827 563 2117 638 πωροῖτο
2140 552 2209 630 Υδ’
2244 556 2355 638 ἄν,

326 661 437 725 καὶ
482 658 568 742 ἢν
621 657 810 734 ἕλκος
854 658 999 744 ἐνῇ·
1052 657 1164 724 καὶ
1210 659 1296 744 ἢν
1340 659 1533 725 ὀστέα
1578 659 1840 725 ἀπιέναι
1883 659 2086 745 μέλλῃ
2134 697 2223 706 -
2269 660 2357 724 οὐ

274 794 298 834 5
329 767 456 850 γὰρ
500 767 1035 848 παλιγκοτώτατα
1081 804 1165 812 -
1182 815 1201 849 ,
1250 767 1423 833 οὕτω
1468 765 1755 850 ποιητέα.

460 873 519 937 3.
583 868 721 951 Οὗς
764 873 1047 956 καταγὲν
1093 874 1180 957 μὴ
1219 871 1472 938 ἐπιδεῖν
1505 873 1671 957 μηδὲ
1707 874 2222 938 καταπλάσσειν·
2268 874 2361 958 ἢν

328 978 408 1045 δέ
447 1004 511 1044 τι
557 979 705 1066 δέῃ,
751 979 839 1056 ὡς
883 982 1300 1064 κουφότατον
1343 978 1384 1062 ἡ
1431 981 1718 1064 κηρωτή·
1785 978 1894 1045 καὶ
1940 982 2109 1068 θείῳ
2155 1004 2352 1051 κατα-

326 1090 589 1152 κολλᾶν.
672 1080 769 1151 ὧν
814 1087 891 1151 δὲ
935 1083 1181 1170 ἔμπυα,
1238 1086 1352 1151 διὰ
1395 1085 1637 1170 παχέος
1682 1086 2080 1172 εὑρίσκεται·
2134 1087 2357 1152 πάντα

328 1194 404 1259 δὲ
461 1194 542 1260 τὰ
599 1192 902 1275 ὑπόμυξα
960 1190 1071 1257 καὶ
1130 1193 1210 1257 τὰ
1263 1193 1436 1278 ὑγρῇ
1493 1191 1687 1278 σαρκὶ
1741 1196 1992 1278 πλήρεα
2035 1191 2354 1278 ἐξαπατᾷ·

245 1328 302 1369 ιο
329 1300 408 1365 οὐ
455 1301 543 1384 μὴ
589 1301 802 1385 βλαβῇ
849 1294 1197 1380 στομωθὲν
1240 1300 1316 1364 τὸ
1361 1308 1655 1366 τοιοῦτο·
1725 1298 1863 1364 ἐστὶ
1920 1301 2046 1384 γὰρ
2094 1302 2361 1385 ἄσαρκα

326 1407 436 1471 καὶ
495 1406 864 1488 ὑδατώδεα,
928 1403 1134 1490 μύξης
1186 1404 1377 1470 πλέα·
1453 1406 1624 1471 ὅπου
1684 1402 1758 1470 δὲ
1815 1407 1927 1471 καὶ
1987 1397 2097 1471 οἶα
2157 1405 2355 1471 ε’όντα

325 1513 722 1579 θανατώδεα
756 1510 916 1596 ἐστι,
952 1522 1271 1598 παρεῖται.
1345 1513 1533 1577 ὤτων
1567 1521 1801 1597 καῦσις
1835 1512 2044 1597 πέρην
2079 1513 2361 1597 τάχιστα

327 1620 605 1702 ὑγιάζει·
668 1619 917 1683 κυλλὸν
973 1619 1049 1684 δὲ
1092 1619 1203 1683 καὶ
1248 1629 1440 1700 μεῖον
1484 1621 1737 1702 γίνεται
1783 1621 1857 1684 τὸ
1904 1614 2051 1702 οὗς,
2107 1619 2191 1704 ἢν
2235 1617 2371 1683 πέ-»

329 1750 455 1811 ρην
506 1732 747 1812 καυθῇ.
848 1725 931 1810 ἢν
995 1726 1070 1790 δὲ
1131 1732 1475 1811 στομωθζῆ,
1535 1727 1768 1814 κούφῳ
1824 1724 2069 1814 ἐναίμῳ
2130 1727 2359 1809 δεήσει

248 1859 300 1901 15
328 1839 636 1918 χρῆσθαι.
677 1832 686 1917 Ι

217 1957 325 2007 348
460 1941 521 2005 4.
583 1940 842 2005 Γνάθοι
897 1938 972 2005 δὲ
1030 1950 1492 2004 κατασπῶνται
1549 1934 1672 2024 μὲν
1716 1940 2034 2016 πολλάκις
2078 1936 2192 2004 καὶ
2238 1964 2361 2004 κα-

327 2049 708 2129 θίστανται,
745 2044 1131 2112 ἐκπίπτουσι
1160 2042 1235 2110 δὲ
1272 2046 1598 2129 ὀλιγάκις,
1634 2047 1917 2128 μάλιστα
1942 2043 2065 2128 μὲν
2093 2064 2358 2131 χασμω-

327 2152 653 2235 μένοισιν·
730 2152 810 2217 οὐ
874 2154 1000 2238 γὰρ
1065 2150 1389 2236 ἐκπίπτει,
1462 2154 1520 2217 εἰ
1584 2155 1675 2237 μή
1736 2176 1835 2229 τις
1898 2153 2121 2237 χανὼν
2184 2152 2369 2237 μέγα,

327 2258 723 2343 παραγάγοι·
770 2257 1060 2323 ἐκπίπτει
1089 2255 1162 2324 δὲ
1192 2263 1467 2341 μᾶλλον,
1504 2258 1607 2324 ’ὅτι
1631 2259 1713 2324 τὰ
1739 2269 1945 2345 νεῦρα
1983 2259 2056 2324 ἐν
2094 2262 2359 2348 πλαγίῳ

244 2395 304 2435 3ο
329 2367 439 2432 καὶ
506 2364 941 2448 λελυγισμένα
999 2365 1326 2430 συνδιδοῖ.
1431 2375 1692 2449 σημεῖα·
1752 2364 2016 2451 προέχει
2075 2365 2116 2449 ἡ
2177 2366 2360 2431 κάτω

330 2473 587 2558 γνάθος
639 2473 749 2538 καὶ
802 2470 1291 2557 παρέστραπται
1356 2471 1672 2537 τάναντία
1733 2480 1854 2536 τοῦ
1915 2470 2362 2555 ἐκπτώματος,

329 2581 734 2664 συμβάλλειν
779 2579 860 2644 οὐ
899 2578 1247 2643 δύνανται·
1292 2578 1378 2662 ’ἢν
1416 2577 1477 2643 δ’
1513 2578 1908 2663 ἀμφότεραι,
1954 2582 2363 2664 προΐσχουσι

327 2705 389 2755 θ.
412 2702 456 2767 ξ.
477 2722 527 2755 κ.
547 2699 714 2770 vulg,
736 2699 772 2754 ἰ.
794 2699 951 2768 ἀλλὴ·
980 2703 1058 2773 τῷ
1069 2696 1385 2770 ξυμμανῇ’“
1353 2720 1388 2768 η
1414 2703 1475 2753 θ.
1497 2700 1600 2765 ξυν
1626 2721 1676 2754 κ.
1706 2699 1766 2753 Μ
1873 2698 2055 2769 ἀλήτῳ
2085 2700 2130 2765 ξ.
2160 2720 2214 2768 μ.
2244 2716 2357 2769 pro

330 2772 463 2841 ἄλλη
481 2776 626 2846 τῳσ.
648 2792 701 2841 μ.
721 2771 854 2825 Litt.
877 2770 967 2840 (cf.
986 2788 1041 2840 p.
1066 2776 1184 2838 156,
1208 2773 1311 2840 14),
1343 2770 1377 2824 ἰ.
1401 2770 1479 2824 ἄ.·
1510 2770 1627 2840 αμα
1646 2771 1707 2826 δὲ
1726 2790 1804 2843 τῳ
1825 2770 2002 2842 ξυμβἿ
2023 2770 2126 2835 ξὺν
2153 2791 2206 2839 μ
2247 2770 2353 2839 Pq.

475 2848 520 2897 1.
553 2849 584 2896 2
615 2841 958 2905 ἀναπλάσεις
982 2842 1213 2908 MLitt„
1252 2840 1544 2896 -πλάσσειν
1579 2842 1731 2931 vulg.
1831 2847 1863 2895 2
1903 2843 2222 2912 ἀνακωχεῖν
2260 2842 2361 2910 (cf.

328 2934 381 2984 p.
408 2920 526 2981 159,
549 2917 637 2995 ¹3).
666 2913 893 2982 scripsi,
967 2934 1044 2967 κω
1121 2930 1232 2974 σεις
1267 2913 1499 2979 MLitt„
1546 2911 1847 2983 -κογχίζειν
1881 2912 2032 2982 vulg.
2182 2911 2358 2982 ἐσμα-

328 2984 512 3055 τευόμ.
534 2984 749 3054 scripsi,
781 2912 1121 3054 ἐσμαντευέμ
1124 2984 1230 3052 Μ,
1261 2983 1611 3054 ἔσματτευόμ.
1634 2986 1736 3039 cet.
1813 2983 1872 3038 ἑο·
1872 2982 2282 3053 ματτευόμενος
2299 3005 2359 3038 κ.

328 3055 739 3125 παραστρέφων
757 3056 891 3109 Litt.
995 3061 1026 3108 6
1055 3074 1259 3124 κατεαγ
1264 3056 1324 3110 ὲν
1355 3055 1645 3108 οο(1(1.7
1676 3075 1826 3147 κουφ
1833 3054 1946 3108 .H²
1980 3054 2152 3109 Mero.
2172 3055 2366 3123 Lind„

329 3148 462 3196 κυφ.
500 3127 719 3197 Mvulg.
848 3132 880 3180 8
920 3123 975 3180 δ’
1009 3126 1069 3180 Μ
1156 3128 1287 3195 post
1325 3126 1447 3196 ἔμπ.
1479 3126 1607 3179 add.
1636 3124 1706 3180 τὰ
1734 3120 1848 3181 ὦτα
1875 3125 2026 3195 vulg.
2040 3143 2193 3192 ,om.
2223 3126 2284 3179 Μ

331 3204 363 3251 9
400 3198 471 3251 τὰ
507 3199 610 3267 ὑγρ
580 3197 670 3267 ρίη
699 3198 759 3252 Μ
846 3205 913 3267 τῇ
949 3213 1052 3267 pro
1079 3196 1149 3251 τὰ
1178 3197 1331 3267 vulg.
1418 3195 1759 3263 ἐξαπαταίου
1787 3196 1882 3250 vul
1967 3197 2246 3272 ἐξαπατᾷ·
2285 3198 2367 3251 οὐ

330 3268 467 3321 Litt.
578 3274 645 3324 10
683 3268 857 3339 βλάβη
887 3266 1115 3338 γένηται
1142 3267 1309 3337 vulg„
1346 3266 1458 3337 γέν.
1490 3284 1595 3322 om.
1627 3268 1686 3321 M
1786 3274 1850 3321 11
1882 3215 2015 3321 {vvcc
2043 3286 2148 3336 pro
2187 3252 2365 3324 ἓόντα

329 3339 392 3391 Μ
536 3342 601 3389 12
637 3347 898 3426 παρεῖται
933 3338 1018 3404 Μ,
1062 3357 1176 3407 παρ
1180 3337 1385 3393 sat-‘vva
1428 3339 1577 3409 vulg.
1718 3343 1908 3393 17.18
1943 3337 2371 3429 χασμωμένοισι

332 3408 394 3461 Μ
527 3412 593 3460 18
633 3407 682 3461 εἰ
715 3408 800 3473 M,
846 3405 917 3475 ἢν
952 3408 1099 3478 vulg.
1239 3414 1321 3463 19.
1370 3409 1692 3481 παραγάγοι
1728 3410 1812 3478 Μ,
1859 3408 2093 3480 -ανάγοι
2129 3409 2282 3480 vulg.

334 3476 526 3550 πλάγῳ
563 3476 622 3529 Μ
774 3483 843 3529 20
846 3428 1027 3545 ηπροέ
1060 3498 1110 3534 ει
1153 3479 1242 3546 Μ,
1296 3479 1527 3570 παρέχει
1578 3481 1727 3551 vulg.
1900 3487 1967 3534 22
2025 3480 2366 3553 ξυμβάλλειν

337 3548 497 3601 codd.
658 3545 987 3617 προίσχουσι
1082 3590 1097 3615 ,
1133 3548 1668 3624 προ(σν·υ18.)ἰσχωσι
1675 3500 1800 3607 grel.
1840 3539 1998 3606 codd.
2041 3554 2099 3605 et
2135 3552 2284 3622 vulg.
