2588 3876
381 169 510 233 202
895 173 1068 222 ΠΕΡΙ
1102 171 1394 224 ΑΡΘΡῼΝ
1430 172 1788 223 ΕΜΒοΑΗΣ
1826 175 1892 223 57

380 333 832 415 συγκάμπτειν
896 333 1217 397 δύνανται
1281 335 1356 398 τὸ
1421 334 1586 397 κατὰ
1647 334 1769 416 τὴν
1832 333 2087 416 ·ῐγνύην
2150 334 2406 418 ἄρθρον

381 438 651 521 ὁμοίως,
710 438 878 504 ἀλλὰ
932 442 1105 505 πολὺ
1160 441 1648 524 χαλεπώτερον,
1700 438 1788 522 ἢν
1839 440 1927 522 μὴ
1976 437 2406 521 συγκάμψωσι

379 543 488 609 καὶ
534 547 608 610 τὸ
654 547 820 610 κατὰ
858 547 978 611 τὸν
1013 547 1331 630 βουβῶνα
1366 548 1647 631 ἄρθρον.
1727 547 1943 611 πολλὰ
1980 546 2056 610 δὲ
2092 544 2203 610 καὶ
2245 546 2406 611 ἄλλα

378 653 544 716 κατὰ
587 653 662 716 τὸ
711 663 900 733 σῶμα
947 653 1258 729 τοιαύτας
1304 651 1690 736 ἀδελφίξιας
1725 650 1858 737 ἔχει
1903 650 2014 716 καὶ
2059 652 2223 716 κατὰ
2259 653 2405 716 νεύ-

325 784 349 825 5
379 782 519 842 ρων
575 759 932 835 συντάσιας
989 758 1099 824 καὶ
1144 761 1311 824 κατὰ
1369 771 1559 843 μυῶν
1617 763 1910 844 σχήματα
1967 756 2078 824 καὶ
2134 759 2404 824 πλεῖστά

376 888 447 929 τε
482 863 595 929 καὶ
630 870 945 932 πλείστου
983 865 1134 944 ἄξια
1167 867 1620 949 γινώσκεσθαι
1658 864 1725 949 [ἢ
1764 867 1852 942 ὥς
1887 889 1987 941 τις
2022 865 2261 949 οἴεται]
2297 889 2402 929 και

376 974 540 1037 κατὰ
593 974 715 1056 τὴν
768 982 887 1038 τοῦ
949 972 1220 1059 ἐντέρου
1279 974 1492 1058 φύσιν
1548 971 1659 1037 καὶ
1713 974 1835 1056 τὴν
1891 982 2008 1055 τῆς
2063 972 2402 1054 συμπάσης

375 1081 630 1163 κοιλίης
676 1078 786 1144 καὶ
831 1081 997 1145 κατὰ
1040 1082 1156 1156 τὰς
1208 1091 1345 1144 τῶν
1397 1079 1728 1164 ὑστερέων
1780 1079 2035 1155 πλάνας
2087 1076 2198 1143 καὶ
2247 1095 2401 1143 συν-

375 1186 627 1263 τάσιας·
706 1186 874 1252 ἀλλὰ
936 1185 1087 1270 περὶ
1149 1187 1272 1270 μὲν
1332 1182 1460 1250 οὖν
1521 1186 1780 1251 τούτων
1852 1183 2133 1271 ἑτέρωθι
2207 1187 2399 1268 λόγος

298 1321 351 1361 ιο
377 1289 558 1358 ἔσται
617 1292 1101 1377 ἠδελφισμένος
1143 1304 1363 1358 τοῖσιν
1416 1303 1545 1358 νῦν
1600 1292 2034 1376 λεγομένοισι.
2124 1292 2274 1377 περὶ
2320 1286 2399 1357 οὗ

377 1395 450 1463 δὲ
498 1400 533 1465 ὁ
574 1403 770 1482 λόγος
807 1397 1011 1482 ἐστίν,
1058 1398 1196 1464 οὔτ’
1241 1398 1586 1464 ἐκτανύειν
1623 1399 1973 1481 δύνανται,
2021 1400 2240 1484 ὥσπερ
2276 1400 2397 1481 ἤδη

376 1511 647 1589 εἴρηται,
661 1508 1077 1591 βραχύτερον
1094 1530 1164 1571 τε
1181 1506 1257 1571 τὸ
1280 1506 1513 1582 σκέλος
1533 1510 1839 1589 φαίνεται
1859 1507 1971 1571 διὰ
1991 1506 2223 1582 δισσὰς
2239 1527 2398 1589 προ-

375 1612 640 1696 φάσιας,
669 1612 771 1678 ὅτι
796 1636 867 1677 τε
887 1613 1012 1677 οὐκ
1039 1611 1422 1678 ἑκτανύεται
1450 1611 1555 1677 ὅτι
1580 1636 1650 1677 τε
1677 1613 1844 1697 πρὸς
1859 1615 1982 1696 τὴν
2010 1612 2223 1695 σάρκα
2249 1611 2398 1675 ὠλί-

375 1724 627 1801 σθηκεν
662 1721 786 1804 τὴν
820 1729 943 1784 τοῦ
979 1722 1299 1803 πυγαίου·
1345 1720 1385 1802 ἡ
1425 1720 1550 1804 γὰρ
1591 1720 1795 1803 φύσις
1839 1728 1961 1784 τοῦ
2010 1721 2231 1802 ἰσχίου
2272 1726 2391 1782 τοῦ

295 1853 347 1894 ιε
376 1823 610 1891 ὀστέου
656 1829 890 1912 ταύτῃ,
937 1820 979 1913 ᾗ
1024 1825 1133 1891 καὶ
1179 1827 1219 1910 ἡ
1258 1826 1513 1910 κεφαλὴ
1551 1824 1661 1891 καὶ
1702 1826 1738 1891 ὁ
1776 1826 1988 1910 αὐχὴν
2023 1834 2146 1890 τοῦ
2182 1833 2394 1908 μηροῦ

373 1935 654 2017 γίνεται,
711 1931 874 1999 ὅταν
920 1929 995 1999 δὲ
1040 1931 1449 2020 ἐξαρθρήσῃ,
1502 1934 1876 2019 καταφερὴς
1932 1931 2234 2016 πέφυκεν
2290 1928 2393 1998 ἐπὶ

373 2049 494 2105 τοῦ
540 2044 835 2122 πυγαίου
883 2042 955 2104 τὸ
1000 2038 1122 2120 ἔξω
1181 2040 1398 2124 μέρος.
1487 2041 1943 2125 συγκάμπτειν
1995 2039 2224 2121 μέντοι
2284 2039 2393 2102 δύ-

373 2170 637 2228 νανται,
685 2148 846 2211 ὅταν
890 2149 977 2230 μὴ
1024 2148 1064 2230 ἡ
1114 2146 1324 2231 ὀδύνη
1372 2148 1621 2232 κωλύῃ·
1674 2145 1787 2211 καὶ
1834 2149 1874 2230 ἡ
1920 2148 2135 2230 κνήμη
2182 2169 2254 2210 τε
2286 2143 2391 2209 καὶ

375 2253 410 2318 ὁ
458 2255 627 2329 ποὺς
672 2253 851 2337 ὀρθὰ
895 2252 1229 2330 ἐπιεικέως
1283 2257 1591 2337 φαίνεται
1638 2252 1747 2318 καὶ
1795 2254 1950 2318 οὔτε
1993 2263 2072 2338 τῇ
2120 2253 2274 2317 οὔτε
2317 2260 2390 2337 τῇ

290 2389 344 2428 20
370 2361 543 2425 πολὺ
589 2358 1034 2444 ἐκκεκλιμένα·
1103 2363 1270 2425 κατὰ
1327 2360 1402 2425 δὲ
1455 2361 1576 2426 τὸν
1628 2362 1945 2443 βουβῶνα
2001 2362 2185 2425 δοκεῖ
2239 2383 2300 2424 τι
2351 2357 2388 2441 ἡ

514 2630 541 2677 1
582 2623 955 2694 ξυγκάμπτειν
982 2624 1098 2676 ΒΜ
1207 2631 1238 2677 2
1268 2623 1547 2694 ξυγκάμκψ.
1577 2623 1697 2677 MV
1805 2628 1839 2675 4
1875 2622 2165 2691 ἀδέλφιξις
2200 2642 2390 2677 κοινω-

369 2693 466 2752 νία
520 2696 557 2749 i.
614 2713 686 2748 m.
738 2696 798 2748 M
977 2700 1027 2748 4.
1084 2700 1115 2749 5
1172 2697 1305 2749 ante
1360 2695 1511 2763 νεύρ.
1568 2695 1698 2748 add.
1753 2693 1853 2756 τὰς
1905 2702 2018 2748 τῶν
2074 2693 2199 2749 Gal.
2240 2693 2389 2759 ibid„

369 2768 535 2821 Mero.
576 2767 610 2819 i.
650 2785 723 2819 m.
868 2772 900 2819 5
939 2764 1160 2830 ξυντάσ.
1200 2767 1360 2820 codd.
1509 2771 1557 2820 ὃ.
1588 2772 1620 2819 6
1657 2763 1869 2821 πλέονά
1913 2784 1973 2819 τε
2028 2764 2127 2819 καὶ
2161 2765 2391 2826 πλέονος

368 2838 609 2906 Ετιῃ.,η
577 2835 605 2855 ”’“
744 2836 922 2891 οἴεται
960 2837 1067 2890 del.
1088 2836 1217 2891 Wb.
1351 2843 1379 2889 7
1419 2835 1539 2905 ἑτέρ
1542 2856 1609 2892 ου
1646 2837 1759 2890 ΒΓ
1840 2836 1942 2906 τὴν
1980 2838 2112 2890 ante
2150 2843 2252 2905 τῆς
2287 2853 2389 2890 om.

367 2910 478 2963 ΒΓ
579 2910 743 2978 ξυμπ.
784 2908 942 2961 codd.
1090 2913 1121 2960 8
1168 2908 1312 2963 κατὰ
1359 2924 1463 2961 om.
1505 2907 1810 2961 Ga1.ibid.·
1922 2906 2142 2997 πλάνας
2195 2927 2256 2962 τε
2299 2908 2391 2961 καὶ

369 2979 491 3033 Gal.
513 2979 648 3034 ibid.
804 2985 854 3033 8.
896 2984 925 3032 9
965 2979 1114 3044 ξυντ.
1153 2980 1314 3033 codd.
1479 2984 1510 3032 9
1549 2979 1731 3032 ἀλλὰ.
1810 2976 2097 3048 ,πυγαίου
2138 2981 2250 3047 (14)
2287 2996 2387 3032 om.

368 3055 422 3105 Γ
525 3047 627 3105 οὖν
664 3069 771 3105 om.
819 3050 938 3104 MV
1092 3055 1159 3103 10
1204 3060 1348 3105 τοῖσι
1384 3050 1504 3103 MV
1650 3056 1711 3103 11
1763 3049 1826 3104 δὲ
1864 3051 1922 3104 et
1957 3050 2105 3105 ἐστὶν
2143 3066 2250 3104 om.
2288 3051 2387 3119 Ap.

475 3122 600 3177 οὔτε
627 3120 747 3175 MV
853 3121 1094 3175 δύναται
1120 3122 1179 3174 Μ
1317 3126 1382 3175 12
1422 3123 1578 3192 βραχ.
1607 3121 1674 3176 δὲ
1702 3120 1751 3173 V
1888 3126 1977 3174 13
2013 3126 2080 3173 14
2117 3118 2389 3190 ὠλίσθηκε

367 3192 488 3246 MV
634 3197 700 3245 14
748 3193 798 3245 εἰ
834 3191 940 3261 γὰρ
978 3192 1112 3259 ἡφ.
1152 3192 1203 3245 V
1318 3201 1418 3247 τοῦ
1457 3193 1559 3263 ἰσχ.
1599 3192 1795 3247 om.V
1976 3197 2041 3245 16
2087 3195 2386 3260 antem.

367 3263 497 3316 add.
533 3281 594 3316 τε
629 3262 829 3323 BMV,
876 3279 982 3316 om.
1022 3263 1130 3316 ΡΓ
1160 3263 1479 3317 Litt.E1-m.
1782 3265 1871 3317 ost
1906 3282 2034 3332 πυγ.
2074 3263 2206 3317 add.
2254 3263 2389 3329 πρὸς

368 3337 421 3386 Γ
523 3333 674 3400 ξυγκ.
705 3304 849 3390 MV'.
886 3332 1161 3400 κάμπτειν
1197 3335 1302 3403 Ap.
1457 3339 1522 3387 18
1563 3332 1698 3389 οταν
1628 3269 1871 3402 HV‚''
1841 3331 1973 3388 οσον
2000 3334 2107 3403 Ap.
2211 3334 2246 3403 ἡ
2283 3351 2382 3388 om.

368 3402 599 3471 MVAp.
710 3402 913 3456 κωλύοι
947 3403 1024 3471 Μ,
1062 3424 1140 3458 -ει
1174 3405 1280 3474 Ap.
1430 3412 1494 3459 19
1535 3405 1790 3469 ἐπιεικῶς
1825 3409 2014 3473 ορθως
2039 3406 2145 3475 Ap.
2258 3402 2384 3474 φαί-

368 3490 531 3540 νηται
546 3420 620 3524 PV
727 3473 825 3524 καὶ
861 3472 987 3527 οὔτε
1028 3517 1038 3527 .
1071 3516 1081 3527 .
1116 3476 1372 3530 ..ἐκκεκλ
1412 3479 1520 3546 (20)
1559 3494 1664 3531 om.
1705 3480 1760 3529 Γ
1859 3476 1958 3529 καὶ
1994 3493 2103 3530 om.
2141 3477 2247 3546 Ap

370 3548 437 3594 20
476 3543 616 3596 πολὺ
655 3558 760 3594 om.
800 3542 903 3610 Ap.
1013 3544 1077 3598 δὲ
1114 3518 1220 3599 pm.
1259 3547 1364 3614 Ap.
1465 3546 1648 3603 δοκέει
1685 3548 1845 3601 codd.
