2588 3876
345 116 432 198 50
1084 137 1258 188 ΠΕΡΙ
1293 135 1547 187 Arm
1585 138 1616 187 3

343 301 566 382 βίαιον
610 307 807 363 τοῦτο
852 299 926 362 τὸ
973 297 1184 382 σχῆμά
1239 294 1440 362 ἐστιν.
1528 305 1724 362 τοῦτο
1781 295 1883 380 δέ,
1939 297 1998 361 εἰ
2052 295 2372 381 ἐπιδήσας

343 428 442 481 τις
486 403 559 468 ἐν
612 406 822 493 τούτῳ
872 413 967 491 τῷ
1023 405 1299 488 σχήματι
1358 401 1510 493 ἐῴη,
1571 402 1781 486 μέζων
1836 404 1959 486 μὲν
2015 407 2247 488 πόνος,
2307 406 2372 470 εἰ

343 513 607 597 περιίοι,
651 510 853 594 μέγας
898 512 971 576 δὲ
1015 511 1124 575 καὶ
1170 511 1229 575 εἰ
1273 509 1669 576 κατακέοιτο.
1741 519 1937 575 τοῦτο
1977 509 2071 594 δέ,
2107 511 2166 575 εἰ
2203 528 2368 596 συγ-

344 619 594 699 κάμψαι
637 619 760 701 τὴν
802 628 1015 704 χεῖρα,
1067 616 1318 701 ἀνάγκη
1363 617 1520 694 τούς
1563 640 1633 682 τε
1675 619 1845 700 μύας
1890 617 1999 681 καὶ
2043 619 2123 681 τὰ
2168 617 2367 683 ὀστέα

291 748 314 788 5
344 727 504 789 ἄλλο
553 733 763 809 σχῆμα
807 722 998 809 ἔχειν.
1088 714 1314 808 ἠγνόει
1360 723 1435 789 δὲ
1478 725 1589 789 καὶ
1632 725 1789 789 τάδε
1832 724 1913 788 τὰ
1958 721 2032 790 ἐν
2074 731 2167 811 τῷ
2213 727 2367 809 σχή-

340 855 494 914 ματι
539 832 737 917 χωρὶς
779 840 894 915 τῆς
938 832 1137 914 ἄλλης
1181 832 1406 913 λύμης.
1494 832 1569 894 τὸ
1615 832 1740 916 γὰρ
1788 829 2021 895 ὀστέον
2063 831 2138 895 τὸ
2184 833 2367 917 παρὰ

342 938 459 1002 τὸν
517 939 771 1023 καρπὸν
829 936 1069 1022 ἐξέχον,
1141 938 1215 1002 τὸ
1274 938 1440 1002 κατὰ
1496 938 1614 1002 τὸν
1678 938 1954 1023 σμικρὸν
2012 937 2364 1021 δάκτυλον,

341 1054 537 1110 τοῦτο
591 1046 715 1126 μὲν
767 1053 890 1109 τοῦ
949 1046 1186 1128 πήχεός
1245 1041 1410 1108 ἐστι·
1473 1044 1546 1109 τὸ
1606 1043 1666 1108 δ’
1720 1042 1793 1108 ἐν
1851 1052 1928 1130 τῇ
1989 1044 2363 1127 συγκάμψει

342 1150 473 1235 ε’όν,
512 1150 618 1216 ἀπ’
657 1152 808 1216 ὅτευ
844 1151 963 1216 τὸν
995 1160 1214 1235 πῆχυν
1240 1152 1305 1215 οἱ
1335 1152 1680 1237 ἄνθρωποι
1715 1149 2124 1236 μετρέουσιν,
2161 1159 2364 1215 τοῦτο

235 1276 340 1324 426
370 1259 443 1323 δὲ
484 1259 492 1341 Ι
532 1267 650 1323 τοῦ
697 1261 1047 1343 βραχίονος
1090 1257 1131 1341 ἡ
1175 1259 1430 1341 κεφαλή
1476 1256 1672 1322 ἐστιν.
1746 1256 1781 1322 ὁ
1829 1257 1903 1322 δὲ
1949 1255 2110 1344 ᾠέτο
2146 1257 2363 1321 τώυτὸ

261 1391 311 1429 11
340 1364 571 1430 ὀστέον
625 1360 796 1428 εἶναι
840 1365 1045 1428 τοῦτό
1089 1387 1158 1428 τε
1208 1363 1498 1429 κάκεῖνο·
1560 1365 1794 1429 πολλοὶ
1853 1364 1928 1428 δὲ
1984 1364 2094 1428 καὶ
2153 1365 2364 1428 ἄλλοι.

338 1470 520 1536 ἔστιν
566 1470 639 1535 δὲ
685 1469 910 1552 ἐκείνῳ
954 1477 1047 1557 τῷ
1092 1469 1296 1556 ὀστέῳ
1339 1469 1551 1534 τώυτὸ
1599 1469 1634 1535 ὁ
1665 1469 1903 1553 ἀγκὼν
1947 1471 2361 1554 καλεόμενος,

340 1578 419 1643 ὃν
462 1578 613 1643 ποτὶ
671 1579 1119 1664 στηριζόμεθα.
1211 1576 1421 1653 οὕτως
1479 1571 1603 1641 οὖν
1659 1576 1903 1659 ὑπτίην
1960 1573 2175 1661 ἔχοντι
2233 1577 2363 1660 τὴν

336 1696 521 1771 χεῖρα
584 1692 778 1749 τοῦτο
835 1684 957 1767 μὲν
1018 1684 1091 1748 τὸ
1156 1682 1390 1748 ὀστέον
1452 1682 1967 1769 διεστραμμένον
2029 1685 2361 1767 φαίνεται,

259 1816 308 1856 15
336 1801 530 1857 τοῦτο
587 1793 661 1857 δὲ
712 1793 792 1857 τὰ
847 1800 1053 1877 νεῦρα
1108 1792 1189 1854 τὰ
1247 1789 1375 1854 ἀπὸ
1432 1797 1553 1855 τοῦ
1612 1798 1865 1876 καρποῦ
1923 1790 2223 1854 τείνοντα
2284 1788 2360 1854 ἐκ

335 1908 453 1965 τοῦ
499 1895 626 1964 ἔσω
673 1898 902 1985 μέρεος
946 1898 1053 1962 καὶ
1099 1896 1225 1962 ἀπὸ
1270 1908 1404 1962 τῶν
1451 1897 1812 1980 δακτύλων,
1863 1904 2067 1961 ταῦτα
2111 1897 2360 1981 ὑπτίην

335 2004 551 2089 ἔχοντι
621 2006 742 2088 τὴν
812 2015 996 2090 χεῖρα
1069 2003 1545 2090 διεστραμμένα
1615 2005 1892 2087 γίνεται·
1964 2006 2162 2068 τείνει
2225 2005 2383 2090 γὰρ

335 2120 538 2175 ταῦτα
583 2112 663 2174 τὰ
706 2119 909 2196 νεῦρα
952 2111 1116 2197 πρὸς
1168 2112 1241 2175 τὸ
1296 2119 1416 2175 τοῦ
1470 2113 1821 2195 βραχίονος
1874 2109 2125 2193 ὀστέον,
2184 2110 2358 2175 ὅθεν

337 2216 372 2281 ὁ
427 2226 636 2301 πῆχυς
692 2228 1034 2302 μετρεῖται.
1125 2212 1317 2281 αὗται
1379 2225 1691 2282 τοσαῦται
1753 2217 1861 2281 καὶ
1923 2225 2219 2281 τοιαῦται
2284 2219 2362 2282 αἱ

257 2349 309 2389 20
337 2323 699 2409 ἁμαρτάδες
743 2324 852 2388 καὶ
894 2325 1154 2407 ἄγνοιαι
1190 2332 1307 2406 τῆς
1342 2323 1584 2408 φύσιος
1618 2332 1733 2406 τῆς
1766 2326 1997 2408 χειρός.
2071 2324 2130 2388 εἰ
2167 2321 2227 2387 δ’
2262 2324 2357 2400 ὡς

475 2646 503 2692 1
543 2637 655 2694 ἐστί
691 2639 741 2693 V
876 2645 906 2692 2
945 2637 1082 2708 μέζω
1119 2639 1178 2691 Μ
1314 2644 1345 2693 3
1384 2607 1668 2710 συγκάέιιραι
1704 2639 1755 2693 V
1893 2644 1926 2691 4
1962 2640 2093 2707 post
2128 2638 2353 2710 ἀνάγκη

330 2726 512 2778 neque
550 2709 829 2780 συνάγειν,
867 2711 1018 2778 quod
1054 2710 1222 2780 vulgo
1259 2708 1451 2776 fertur,
1489 2726 1669 2778 neque
1706 2718 1884 2776 πᾶσα,
1922 2711 2073 2777 quod
2108 2726 2208 2779 pro
2246 2710 2354 2765 ino

328 2781 639 2835 intulerunt
675 2782 807 2835 Litt.
837 2784 895 2835 et
920 2782 1018 2850 Pq.
1050 2797 1119 2835 ex
1153 2780 1486 2852 FHIJKN‚
1524 2781 1733 2850 Ιοςίὺω·
1767 2782 1828 2835 in
1863 2752 2039 2835 i3MV
2128 2780 2353 2852 ἀνάγκη

331 2902 540 2977 llssoiylsss
580 2905 820 2976 (ἀνάγκη
855 2905 1140 2975 iteratum)
1175 2906 1308 2970 τούς
1341 2905 1402 2958 Μ
1572 2911 1604 2959 5
1642 2874 1788 2976 ἔχειν
1824 2906 1888 2974 Β,
1925 2923 1996 2960 ss.
2033 2904 2108 2958 B²
2248 2906 2356 2960 καὶ

328 3010 465 3066 τάδε
498 3029 601 3065 om.
631 3012 720 3081 ΒῙ,
754 3012 886 3067 add.
916 3012 991 3066 B¹
1134 3019 1165 3067 6
1202 2998 1290 3067 28!
1290 3034 1396 3083 μκης
1430 3012 1504 3080 Μ,
1544 3029 1612 3066 se.
1641 3013 1766 3067 ead.
1794 3031 1867 3066 m.
2014 3018 2044 3066 7
2081 3012 2182 3067 τὸν
2216 3014 2355 3067 ante

330 3099 507 3170 σμικρ.
547 3100 651 3137 om
689 3056 735 3136 Β
880 3088 912 3138 8
947 3082 1166 3175 πήχεως
1199 3084 1321 3138 MV
1463 3083 1629 3139 9ἐὸν
1665 3100 1771 3137 om.
1810 3084 1899 3151 B¹‚
1948 3101 2016 3137 ss.
2055 3083 2130 3136 Β*
2237 3081 2347 3137 ἀπ’

331 3171 456 3207 οτευ
491 3153 555 3222 Β,
593 3154 720 3209 ἀντὶ
753 3163 864 3210 τῶν
901 3151 1007 3224 ἀφ’
1041 3149 1108 3208 οὗ
1143 3155 1180 3207 i.
1209 3174 1281 3208 m.
1312 3155 1401 3222 13⁸,
1440 3089 1552 3209 ἀθπὸ
1588 3163 1684 3210 τεῦ
1720 3154 1857 3222 MV,
1893 3152 2006 3208 ἀπό
2041 3173 2137 3209 τεν
2172 3154 2271 3222 Pq.

329 3243 458 3293 μρετ
462 3223 615 3280 ἐουσι
650 3224 770 3279 MV
912 3231 979 3280 10
1014 3245 1215 3282 τουτον
1250 3226 1342 3294 Βῑ,
1395 3228 1530 3280 mut.
1570 3226 1631 3279 in
1665 3226 1873 3281 ταυτὸν
1908 3225 1983 3279 Β*
2127 3230 2192 3278 12
2234 3225 2355 3281 ἐστι

328 3294 448 3348 MV
545 3292 601 3351 δ’
633 3295 686 3349 V
779 3296 991 3352 τώυτὸν
1027 3297 1090 3365 Β,
1128 3317 1163 3351 ν
1200 3298 1329 3351 add
1367 3297 1442 3350 Β*
1550 3303 1616 3351 13
1654 3316 1722 3352 ον
1757 3297 1849 3363 Βῑ,
1887 3305 1953 3352 ῶι
1988 3295 2063 3349 Β*
2170 3301 2239 3350 15
2276 3298 2356 3353 τὰ

328 3367 460 3420 ante
498 3366 610 3421 ἀπὸ
649 3382 753 3421 om
791 3366 912 3421 MV
1056 3374 1123 3422 16
1160 3367 1287 3423 εἴσω
1328 3368 1487 3421 codd.
1643 3373 1708 3422 17
1745 3369 1876 3437 post
1909 3365 2081 3423 τείνει
2119 3368 2250 3422 add.
2289 3389 2356 3426 τε

326 3436 546 3507 MVB’,
603 3454 707 3492 om
745 3437 821 3491 Β1
959 3436 1197 3494 τείνεται
1254 3438 1352 3506 Pq.
1535 3444 1599 3494 19
1652 3439 1683 3494 ὁ
1734 3456 1840 3493 om.
1878 3439 1968 3505 13¹,
2020 3456 2090 3494 ss
2128 3437 2204 3492 Β*

329 3514 411 3564 19.
443 3513 511 3562 20
549 3508 610 3562 αἱ
646 3508 737 3577 ἀμ.
777 3508 836 3562 αἱ
873 3507 1072 3581 ἁγνοίῃ
1108 3518 1206 3579 τῆς
1243 3530 1302 3579 φ.
1301 3456 1484 3563 ᾳΒὴᾶ.
1631 3516 1697 3564 20
1735 3510 1898 3574 εἰδὼς
1932 3481 2052 3564 MV
