2588 3876
539 149 714 199 ΠΕΡΙ
747 146 894 199 ΤΩΝ
929 149 1027 199 ΕΝ
1062 149 1399 200 ΚΕΦΑΛΗΙ
1434 148 1824 201 ΤΡΩΜΑΤΩΝ
1874 153 1940 200 10
2173 144 2251 212 ’11
2356 209 2360 212 ,

235 304 412 374 εἶναι
456 317 572 393 τῆς
618 310 858 394 σαρκὸς
898 307 1096 393 <καὶ>
1136 307 1315 394 ἔχειν
1357 333 1423 375 τι
1468 320 1652 386 σῑνος
1704 312 1779 375 τὸ
1837 308 2085 375 ὀστέον.
2122 310 2255 377 ὑπὸ

232 424 357 481 τοῦ
419 415 660 499 βέλεος.
751 424 955 481 ταῦτα
1012 416 1135 501 μὲν
1188 411 1317 481 οὖν
1362 418 1483 502 χρὴ
1530 416 1965 501 ἀπόπροσθεν
2019 407 2286 495 weilai—⁴

235 546 443 607 μενον
487 520 666 599 λέξαι
710 524 797 608 μὴ
846 523 1218 608 ἁπτόμενον
1261 532 1382 588 τοῦ
1409 523 1824 619 ὑάνθρώπου·
1885 523 2259 609 ἁπτόμενον

234 630 314 694 δὲ
356 638 476 694 τοῦ
525 629 892 715 ἀνθρώπου
929 630 1017 714 ἥδ
1022 654 1056 713 η
1095 636 1457 716 πειρᾶσθαι
1494 629 1743 695 εἰδέναι
1779 631 1980 715 σάφα,
2026 632 2085 695 εἰ
2120 627 2259 695 ἔστι

234 736 440 813 ψιλὸν
483 737 559 801 τὸ
607 734 841 801 ὀστέον
882 745 998 819 τῆς
1043 738 1285 820 σαρκὸς
1329 734 1370 819 ἢ
1419 737 1518 801 οὔ.
1608 735 1719 805 καὶ
1766 737 1850 820 ἢν
1893 737 2017 822 μὲν
2066 760 2259 802 κατα-
2313 761 2337 801 ⁵

230 842 442 926 φανὲς
486 834 530 926 ᾗ
574 842 649 907 τὸ
696 840 930 907 ὀστέον
983 852 1123 918 τοῖς
1178 841 1557 927 ὀφθαλμοῖς
1609 845 1838 920 ψιλόν·
1902 845 1962 908 εἰ
2021 844 2096 911 δὲ
2148 846 2259 929 μή,

232 958 313 1034 τῇ
348 951 522 1034 μήλῃ
560 946 953 1026 σκέψασθαι.
1033 947 1144 1013 καὶ
1188 947 1276 1031 ἢν
1320 949 1445 1033 μὲν
1490 949 1685 1034 εὕρῃς
1726 949 1978 1033 Ιψιλὸν
2013 948 2127 1015 ἐὸν
2161 951 2237 1014 τὸ
2259 960 2364 1008 214

236 1054 470 1120 ὀστέον
522 1064 638 1138 τῆς
683 1055 924 1141 σαρκὸς
979 1054 1087 1120 καὶ
1146 1056 1234 1140 μὴ
1293 1055 1479 1138 ὑγιὲς
1539 1054 1666 1120 ἀπὸ
1726 1065 1847 1120 τοῦ
1901 1057 2258 1141 τρώματος,

235 1163 358 1246 χρὴ
417 1169 539 1226 τοῦ
599 1160 676 1226 ἐν
727 1170 818 1250 τῷ
865 1161 1067 1249 ὀστέῳ
1132 1161 1360 1238 ἐόντος
1422 1163 1546 1246 τὴν
1609 1163 1973 1245 διάγνωσιν
2016 1173 2261 1248 ’πρῶτα
2359 1194 2360 1197 “

230 1274 599 1351 ποιεῖσθαι,
655 1267 915 1353 ὁρῶντα
959 1268 1205 1334 ὁκόσον
1248 1269 1325 1333 τέ
1365 1267 1504 1334 ἐστι
1548 1270 1623 1334 τὸ
1670 1270 1876 1334 κακὸν
1921 1267 2030 1334 καὶ
2050 1283 2054 1287 “
2074 1271 2256 1345 τίνος
2287 1296 2338 1333 10

235 1375 444 1439 δεῖται
481 1371 703 1460 ἔργου.
758 1377 880 1460 χρὴ
919 1375 993 1440 δὲ
1037 1374 1147 1440 καὶ
1186 1373 1440 1459 ἐρωτᾶν
1474 1377 1595 1441 τὸν
1620 1375 2052 1460 τετρωμένον,
2089 1376 2258 1452 ὅκως

230 1478 488 1572 ἔπαθεν
531 1478 642 1546 καὶ
687 1482 839 1545 τίνα
881 1483 1151 1566 τρόπον.
1242 1480 1329 1564 ἢν
1383 1481 1458 1546 δὲ
1511 1483 1600 1566 μὴ
1654 1482 2024 1566 καταφανὲς
2081 1475 2124 1566 ᾗ
2183 1483 2257 1547 τὸ

156 1609 161 1615 ’
236 1585 490 1670 ὀστέον,
550 1589 610 1652 εἰ
664 1584 798 1671 ἔχει
851 1611 917 1652 τι
962 1589 1222 1672 νόσημα
1263 1586 1306 1669 ἢ
1352 1588 1440 1671 μὴ
1486 1584 1650 1671 ἔχει,
1712 1592 1937 1676 πολλῷ
1984 1587 2080 1654 ἔτι
2134 1589 2256 1674 χρὴ

234 1697 489 1777 μᾶλλον
543 1694 665 1777 τὴν
709 1692 1031 1777 ἐρώτησιν
1083 1699 1428 1758 ποιεῖσθαι
1481 1698 1683 1771 ψιλοῦ
1738 1692 1796 1756 τ’
1858 1692 2084 1769 ἐόντος
2136 1702 2256 1757 τοῦ

235 1798 495 1883 ὀστέου,
540 1800 614 1864 τὸ
644 1812 870 1884 τρῶμα
899 1800 1068 1876 ὅκως
1104 1798 1366 1882 ἐγένετο
1402 1798 1513 1864 καὶ
1552 1800 1786 1864 ὅντινα
1819 1801 2090 1883 τρόπον.
2143 1800 2259 1874 τὰς
2287 1825 2337 1869 1⁵

234 1907 361 1992 γὰρ
420 1904 705 1991 φλοίσιας
758 1904 867 1972 καὶ
920 1907 1035 1983 τὰς
1091 1906 1361 1992 ρωγμὰς
1407 1907 1523 1983 τὰς
1576 1905 1659 1971 οὐ
1720 1904 2125 1991 φαινομένας
2184 1903 2259 1970 ἐν

233 2021 324 2102 τῷ
366 2012 591 2101 ὀστέῳ,
637 2012 950 2089 ἐνεούσας
997 2011 1101 2096 δέ,
1148 2012 1221 2078 ἐκ
1265 2023 1381 2098 τῆς
1426 2012 1813 2098 ἀποκρίσιος
1857 2021 1980 2078 τοῦ
2023 2035 2258 2096 τετρω-
2307 2072 2313 2077 .

232 2119 440 2205 μένου
487 2131 754 2204 πρῶτον
799 2121 1265 2203 διαγινώσκειν
1309 2126 1700 2204 πειρᾶσθαι,
1746 2125 1813 2185 εἴ
1850 2144 1915 2184 τι
1958 2119 2258 2185 πέπονθε

231 2227 493 2292 τούτων
536 2229 612 2293 τὸ
661 2226 894 2291 ὀστέον
938 2225 978 2309 ἢ
1027 2226 1129 2296 οὐ,
1156 2225 1519 2309 πέπονθεν,
1563 2223 1787 2291 ἔπειτα
1824 2226 1898 2291 δὲ
1931 2224 2042 2294 καὶ
2079 2228 2256 2313 λόγῳ

231 2332 347 2397 καὶ
391 2330 562 2420 ἔργῳ
609 2332 973 2417 ἐξελέγχειν
1008 2334 1183 2416 πλὴν
1225 2333 1571 2417 μηλώσιος.
1644 2336 1932 2417 μήλωσις
1969 2334 2094 2416 γὰρ
2134 2331 2257 2397 οὐκ
2285 2359 2337 2398 20

231 2437 576 2524 ἐξελέγχει,
623 2441 682 2504 εἰ
726 2439 1031 2504 πέπονθέ
1070 2463 1134 2504 τι
1179 2440 1437 2503 τούτων
1479 2450 1615 2503 τῶν
1650 2449 1872 2503 κακῶν
1905 2439 1980 2503 τὸ
2025 2437 2259 2528 ρστέον

380 2673 407 2720 1
494 2668 591 2721 καὶ
673 2666 800 2721 add.
839 2666 971 2721 Litt.
1083 2666 1304 2735 σαρκὸς,
1343 2666 1490 2738 ἔχειν
1525 2686 1585 2720 τε
1622 2664 1776 2729 σίνος
1801 2664 1965 2731 th.‚
2005 2665 2079 2734 ἔχ.
2111 2663 2257 2737 <τέ>

230 2758 288 2792 τι
316 2755 363 2792 σ.
424 2785 425 2788 ,
510 2781 542 2806 .,
642 2757 726 2793 ειν
760 2757 848 2792 τοι
885 2737 1039 2801 σινὸς
1064 2737 1116 2791 V
1259 2743 1290 2791 2
1329 2741 1687 2805 αποπρισθεν
1714 2737 1760 2789 Β
1888 2742 1921 2789 4
1956 2744 2057 2790 τοῦ
2086 2736 2255 2804 ἀνθρ.

232 2812 366 2868 ante
402 2807 514 2879 ἤδη
553 2826 587 2863 a
630 2809 774 2875 (1.,Β,
812 2825 917 2862 om.
949 2808 1000 2861 V
1164 2850 1174 2860 .
1321 2814 1354 2861 4
1391 2825 1539 2863 εστιν
1575 2808 1621 2860 Β
1768 2812 1798 2859 5
1837 2807 1887 2861 εἰ
1922 2823 2022 2877 pro
2059 2803 2095 2874 ἢ
2130 2807 2176 2859 Β

234 2886 268 2934 6
304 2889 486 2936 τοῖσιν
524 2879 870 2949 ὀφθαλμοῖσι
904 2880 968 2934 τὸ
1008 2878 1103 2934 ὂστ
1134 2898 1200 2933 ον
1238 2878 1289 2931 V
1413 2881 1543 2948 post
1580 2876 1772 2933 ὀστέον
1810 2877 1938 2932 add.
1979 2877 2073 2933 ἐὸν
2109 2877 2255 2950 th?

229 2952 378 3005 Erm.
529 2956 559 3003 7
599 2949 935 3006 σκέπτεσθαι
970 2950 1022 3003 V
1168 2955 1239 3003 10
1270 2947 1442 3004 ποιέε.
1480 2950 1526 3002 Β
1628 2948 1871 3017 ὁρεωντα
1907 2949 1953 3001 Β
2054 2946 2257 3004 ὁκόσον

227 3022 295 3087 Β,
336 3019 469 3078 ὅσον
496 3022 548 3076 V
575 3021 724 3091 vulg.
836 3041 896 3076 τε
933 3038 1038 3076 om.
1067 3021 1113 3073 B
1234 3026 1299 3074 11
1341 3018 1494 3089 ἐρίου
1529 3037 1630 3090 pro
1670 3021 1729 3089 ἔρ
1767 3039 1834 3074 ου
1871 3019 1922 3072 V
2031 3016 2181 3083 ὅπως
2206 3019 2259 3072 V

307 3099 371 3147 12
411 3094 597 3149 ἔπαθε
625 3092 676 3145 V
787 3097 851 3145 13
890 3092 941 3147 εἰ
974 3084 1138 3163 profi
1177 3092 1223 3144 B
1330 3089 1385 3146 τί
1421 3091 1473 3145 V
1578 3089 1694 3147 νόσ.
1722 3042 1785 3157 Β,
1824 3090 2000 3145 κακὸν
2028 3090 2080 3143 Ὺ
2106 3090 2200 3143 vul
2246 3134 2255 3143 .

236 3199 245 3208 ·
304 3165 355 3220 εἰ
388 3181 491 3234 pro
526 3161 562 3232 ἢ
599 3164 645 3216 Β
794 3169 860 3216 14
895 3161 1066 3218 ποιέε.
1118 3163 1164 3215 Β
1272 3182 1493 3225 τεοντος
1526 3163 1589 3229 Β,
1627 3181 1685 3216 τε
1723 3160 1913 3225 ἐόντος
1948 3161 2013 3227 Ὺ,
2050 3181 2110 3217 τε
2148 3162 2256 3214 de.

231 3235 366 3289 Litt.
543 3240 608 3288 15
649 3230 798 3297 ὅπως
833 3234 885 3288 Ὺ
1055 3239 1122 3287 16
1161 3232 1386 3303 φάσηας
1421 3233 1473 3287 Ὺ
1623 3238 1710 3298 17
1747 3229 2087 3302 ὑποκρίσηος
2122 3232 2175 3285 Ὺ

215 3311 304 3359 18
338 3309 653 3375 πειρᾶσθαι
680 3305 895 3375 scripsi,
931 3309 1243 3373 πειρῆσθαι
1277 3303 1436 3358 codd.
1550 3309 1615 3357 19
1650 3318 1856 3370 τουτεω
1883 3303 2160 3367 Β,-τούτω
2189 3303 2256 3367 Ὺ,

231 3377 558 3446 genetivum
592 3376 848 3430 restituit‘
877 3376 1009 3429 Lite.
1157 3380 1226 3429 20
1264 3375 1549 3446 ἐξελεγχην
1584 3375 1647 3441 Β,
1685 3389 1884 3445 -χοντα
1921 3373 1973 3427 Ὺ
2079 3372 2256 3441 μήλω-

232 3464 337 3515 σις,
374 3447 457 3572 1»ss
483 3448 546 3501 in
582 3463 709 3501 raso
743 3445 870 3500 1..V
1051 3452 1115 3499 21
1155 3444 1412 3501 πέπονθε
1447 3445 1622 3499 τούτω
1661 3448 1752 3515 (τι
1772 3447 1902 3513 om.)
1936 3443 1989 3508 V
2129 3440 2257 3494 τοῦ·

234 3537 376 3574 τεων
1984 3535 1989 3540 ·
2103 3533 2120 3551 ·'
