2588 3876
361 145 492 209 256
1058 147 1455 198 ΜΟΧΛΙΚΟΝ
1492 149 1576 197 20.
1607 149 1672 197 21

362 307 592 384 σκέλος
636 309 971 392 αἴρουσιν·
1033 308 1168 395 ὅσω
1223 309 1349 392 γὰρ
1409 317 1626 390 μεῖον,
1682 308 1853 395 τόσῳ
1899 305 2109 393 ρήιον.
2182 306 2267 390 ἦν
2313 304 2375 371 δ’

359 413 817 499 ηὐξημένοισι,
871 416 953 480 τὰ
997 411 1121 499 μὲν
1166 414 1365 481 ὀστέα
1408 414 1618 498 μένει,
1675 415 1744 479 αἱ
1790 411 1865 479 δὲ
1910 414 2146 500 σάρκες
2190 415 2387 496 μινύ-

360 527 638 605 θουσιν,
693 521 782 597 ὡς
826 525 1240 608 προείρηται·
1297 521 1764 608 ὁδοιπορέουσι
1820 517 1895 586 δὲ
1938 519 2389 607 περιστροφά-

363 629 491 711 δην
534 628 624 704 ὡς
658 631 836 712 βόες,
882 627 958 694 ἐν
996 630 1072 693 δὲ
1105 636 1198 717 τῷ
1226 640 1501 694 κενεῶνι
1536 629 1900 711 καμπύλοι,
1946 626 2053 693 ἐπὶ
2088 628 2162 692 τὸ
2199 624 2389 711 ὑγιὲς

256 754 360 803 362
382 733 651 819 έξίσχιοι
697 733 943 812 ἐόντες·
985 734 993 822 Ι
1034 744 1126 824 τῷ
1171 736 1294 819 μὲν
1340 737 1464 821 γὰρ
1522 735 1774 818 ἀνάγκη
1838 736 2234 816 ὑποβαίνειν
2298 734 2390 810 ὡς

309 869 335 910 e
361 840 511 926 ὀχῇ,
573 849 664 929 τῷ
718 840 777 907 δ’
832 842 1223 925 ἀποβαίνειν
1266 880 1357 889 -
1411 842 1492 907 οὐ
1549 843 1675 928 γὰρ
1732 843 2012 908 δύναται
2067 840 2251 925 ὀχεῖν
2295 877 2387 887 -—-
2415 872 2428 883 ·

361 949 581 1033 ὥσπερ
637 949 701 1013 οἱ
756 947 831 1014 ἐν
884 947 1042 1014 ποδὶ
1096 948 1285 1025 ἕλκος
1347 946 1626 1033 ἔχοντες.
1715 949 1880 1013 κατὰ
1934 945 2008 1013 δὲ
2071 948 2144 1012 τὸ
2201 944 2389 1031 ὑγιὲς

360 1056 626 1138 πλάγιοι
688 1064 779 1142 τῷ
844 1054 1018 1145 ξύλῳ
1084 1064 1178 1142 τῷ
1247 1058 1498 1141 σώματι
1568 1054 2095 1137 ἀντικοντέουσι,
2165 1056 2240 1118 τὸ
2308 1050 2387 1119 δὲ

362 1163 640 1249 σιναρὸν
684 1172 762 1248 τῇ
809 1164 978 1247 χειρὶ
1021 1164 1189 1249 ὑπὲρ
1235 1173 1358 1229 τοῦ
1404 1164 1732 1246 γούνατος
1774 1161 2387 1245 καταναγκάζουσιν

284 1298 336 1338 10
363 1268 453 1344 ὡς
497 1269 679 1353 ὀχεῖν
723 1267 798 1333 ἐν
841 1279 919 1354 τῇ
965 1270 1318 1354 μεταβάσει
1363 1271 1437 1335 τὸ
1485 1281 1688 1354 σῶμα.
1763 1270 1995 1354 ἰσχίων
2039 1266 2385 1352 κατωτέρω

361 1375 446 1458 ἣν
490 1385 751 1460 χρῆται,
796 1377 969 1441 κάτω
1011 1400 1082 1441 τε
1125 1371 1339 1459 ἧσσον
1383 1377 1659 1458 μινύθει
1704 1376 1815 1440 καὶ
1859 1374 2083 1458 ὀστέα,
2128 1377 2387 1455 μᾶλλον

362 1481 437 1546 δὲ
483 1483 733 1569 σάρκες.

495 1588 599 1654 21.
673 1593 807 1655 Τοῦ
868 1588 927 1654 δ’
983 1589 1105 1668 ἔξω
1165 1590 1484 1656 τάναντία
1541 1589 1652 1655 καὶ
1709 1591 1790 1654 τα
1848 1599 2085 1674 σημεῖα
2141 1584 2250 1652 καὶ
2310 1587 2383 1650 αὶ

362 1695 650 1779 στάσιες,
712 1695 822 1761 καὶ
876 1697 949 1761 τὸ
1004 1700 1172 1782 γόνυ
1226 1699 1337 1762 καὶ
1397 1698 1433 1763 ὁ
1491 1699 1662 1774 ποὺς
1719 1693 1847 1761 ἔσω
1911 1695 2095 1781 ῥέπει
2148 1694 2383 1778 βραχύ.

272 1830 335 1871 νιιι
364 1813 538 1868 τοῖσι
584 1800 644 1867 δ’
690 1802 766 1868 ἐν
811 1802 1076 1887 αὐξήσει
1122 1805 1163 1889 ἢ
1209 1803 1280 1869 ἐκ
1327 1813 1556 1888 γενεῆς
1591 1810 1933 1869 παθοῦσιν
1978 1802 2101 1886 οὐχ
2140 1802 2389 1886 ὁμοίως

256 1927 361 1977 364
381 1908 801 1988 συναύξεται’
867 1911 1030 1976 κατὰ
1091 1912 1210 1977 τὸν
1265 1912 1473 1977 αὐτὸν
1520 1913 1722 1996 λόγον
1762 1908 1770 1998 Ι
1814 1911 2031 1995 ἰσχίον
2077 1907 2385 1994 ἀνωτέρω

362 2018 496 2082 τινὶ
550 2017 673 2102 οὐχ
728 2018 985 2102 ὁμοίως.
1078 2011 1214 2084 οἷσι
1274 2019 1350 2084 δὲ
1403 2020 1622 2084 πυκνὰ
1677 2005 1971 2083 ἐκπίπτει
2019 2016 2093 2093 ·ε’ς
2137 2018 2212 2082 τὸ
2257 2013 2384 2093 ἔξω

364 2124 523 2188 ἄνευ
570 2128 974 2208 φλεγμονῆς,
1019 2125 1357 2214 ὑγροτέρᾳ)
1401 2133 1493 2214 τῷ
1540 2124 1756 2190 σκέλει
1799 2136 2107 2210 χρῶνται,
2164 2124 2384 2209 ὥσπερ

364 2229 399 2295 ὁ
447 2229 648 2314 μέγας
691 2240 807 2313 τῆς
849 2233 1067 2317 χειρὸς
1111 2233 1457 2309 δάκτυλος·
1522 2232 1803 2313 μάλιστα
1856 2232 1982 2316 γὰρ
2038 2225 2235 2306 οὗτος
2279 2227 2388 2294 ἐκ-

283 2365 336 2405 20
362 2337 582 2401 πίπτει
637 2338 862 2421 φύσει·
929 2330 1029 2415 οἷς
1082 2335 1206 2424 μὲν
1259 2338 1552 2404 ἐκπίπτει
1597 2342 1851 2421 μᾶλλον
1904 2337 1945 2422 ἢ
1998 2332 2210 2420 ἧσσον
2271 2337 2388 2402 καὶ

364 2434 463 2520 οἷς
507 2439 630 2524 μὲν
666 2442 958 2510 ἐκπίπτει
993 2447 1447 2531 χαλεπώτερον
1491 2446 1531 2530 ἢ
1577 2445 1771 2531 ῥήιον
1815 2443 1925 2509 καὶ
1972 2435 2153 2510 οἷσιν
2196 2442 2387 2521 ἐλπὶς

362 2558 625 2616 θᾶσσον
669 2549 975 2635 ἐμπεσεῖν
1028 2553 1137 2617 καὶ
1183 2544 1362 2617 οἷσιν
1418 2552 1540 2617 οὐκ
1595 2554 1716 2635 ἄκη
1771 2550 2015 2617 τούτου
2079 2549 2188 2615 καὶ
2247 2542 2385 2615 οἷσι

362 2658 676 2734 πολλάκις
720 2657 1044 2742 ἐκπίπτει,
1104 2665 1274 2743 ἰησις
1319 2660 1581 2724 τούτου.
1673 2657 1745 2723 ἐκ
1792 2667 2019 2741 γενεῆς
2064 2652 2139 2721 δὲ
2184 2657 2226 2741 ἢ
2275 2654 2378 2720 ἐπ’

507 2821 534 2869 1
575 2815 634 2869 et
669 2821 736 2869 21
777 2812 917 2890 ρᾷον
955 2816 1114 2870 codd.
1254 2822 1302 2869 3.
1333 2822 1368 2869 4
1402 2814 1793 2884 περιφοράδην
1829 2814 1889 2867 Μ
2031 2820 2072 2867 4
2101 2812 2176 2868 κά
2178 2816 2389 2883 μπυλοι

362 2886 422 2939 Μ
566 2891 597 2940 5
641 2887 706 2941 τὸ
743 2871 887 2956 μὲν.
920 2930 930 2941 .
964 2887 1067 2941 .τὸ
1104 2887 1166 2941 δὲ
1204 2887 1377 2958 (6)Μ
1519 2892 1551 2940 6
1603 2885 1736 2958 ὀχέῃ
1773 2887 1831 2939 et
1867 2884 2048 2955 ὀχέειν
2083 2884 2247 2938 codd.

363 2961 396 3009 8
432 2956 657 3026 πλάγιοι
685 2957 769 3024 M,
805 2958 1046 3029 πλάγιον
1083 2958 1187 3011 cot.
1278 2962 1356 3013 τῶ
1381 2958 1465 3024 Μ,
1504 2975 1611 3012 om.
1641 2957 1745 3011 cet.
1854 2906 2274 3011 ἀντικοντέουσι
2303 2956 2389 3026 (in

362 3027 585 3095 syllaba.
621 3049 723 3084 κον
754 2980 1009 3083 'deletum
1044 3051 1078 3084 ν
1114 3028 1187 3098 Η)
1224 3014 1358 3082 List.
1397 3029 1494 3097 Pq.
1509 3027 1803 3095 ,ἀντικότ.
1842 3029 1945 3082 cet.
2093 3032 2160 3080 10
2178 3025 2390 3116 ὀχέειν

363 3097 524 3152 codd.
626 3096 818 3188 ἰσχίων
853 3100 1066 3167 ULitt„
1105 3100 1194 3170 ἰσχ
1195 3098 1262 3174 lm
1310 3103 1413 3155 cet.
1522 3098 1809 3167 κατωτέρω
1847 3097 2081 3164 ΜΒῙΗ,
2120 3096 2388 3155 κάτωθεν

364 3170 469 3222 cet.
617 3121 800 3239 11χῆν
837 3172 920 3238 Μ,
958 3172 1010 3226 εἰ
1046 3174 1150 3226 cet.
1287 3171 1437 3226 κάτω
1487 3191 1546 3225 τε
1589 3169 2074 3236 MD1FH1JKU,
2120 3168 2390 3225 κάτωθεν

364 3239 468 3293 cot.
581 3245 647 3292 13
677 3191 764 3294 οτη
765 3247 829 3294 15
868 3240 924 3295 δ’
966 3244 1050 3310 Μ,
1089 3243 1151 3298 δὲ
1180 3244 1284 3297 cet
1397 3248 1463 3297 16
1493 3241 1718 3307 συναύξ.
1746 3240 1797 3309 Ι,
1834 3241 1881 3306 ξ.
1920 3242 2023 3294 cet.
2097 3240 2388 3295 Littraeus

358 3326 494 3363 euos
541 3311 700 3365 codd.
751 3313 974 3367 secutus
1026 3315 1363 3369 sententiam
1416 3315 1548 3383 post
1591 3312 1758 3383 λόγον
1850 3314 2020 3365 uncto
2076 3311 2387 3379 concludit,

364 3379 726 3434 distinctione
761 3386 926 3436 vacat
960 3384 1021 3437 M
1164 3390 1228 3437 17
1275 3386 1489 3440 πυκινὰ
1524 3385 1561 3439 i
1600 3403 1671 3438 m
1709 3383 1786 3450 Η,
1808 3330 1910 3452 ἲς
2088 3388 2158 3436 20
2215 3383 2391 3451 φύσις

363 3450 425 3502 Μ
568 3456 634 3503 21
674 3448 820 3506 οἶσιν
854 3471 956 3521 pro
994 3452 1079 3517 οῖς
1113 3457 1214 3525 μὲν
1249 3457 1310 3510 Μ
1452 3462 1520 3510 22
1557 3457 1656 3512 καὶ
1691 3454 1838 3512 οἶσιν
1873 3401 1996 3521 ούκ,
2034 3453 2142 3523 ἄκη
2177 3453 2391 3509 τούτου

363 3521 496 3573 Litt.
643 3521 750 3590 ἀκὴ
788 3524 945 3576 codd.
