2588 3876
337 145 466 208 194
839 146 1014 198 ΠΕΡΙ
1048 144 1340 199 ΑΡΘΡῼΝ
1376 145 1734 196 ΕΜΒοΛΗΣ
1773 148 1840 195 53

333 311 390 374 εἰ
416 309 540 393 μὲν
568 303 692 373 οὗν
721 307 974 391 ἀληθέα
1000 308 1208 372 ταῦτά
1237 306 1437 389 ἐστιν,
1475 304 1603 389 ἐγὼ
1629 306 1753 387 μὲν
1781 305 1903 370 οὐκ
1934 300 2110 370 οἶδα·
2151 305 2256 370 ὅτι
2286 306 2368 371 δὲ

331 413 571 499 γένοιτ’
625 413 711 479 ἂν
747 424 1020 480 τοιαῦτα
1055 410 1227 495 οἶδα,
1275 419 1341 477 εἴ
1369 436 1469 488 τις
1505 411 1855 497 ἐξαρθρέοι
1892 413 2126 477 αὐτίκα
2154 417 2368 495 νήπια

331 520 542 587 ἐόντα.
589 522 751 586 κατὰ
779 516 902 605 μὲν
929 516 1056 586 οὖν
1083 523 1161 585 τὰ
1191 522 1369 603 ἰσχία
1395 518 1589 600 μέζον
1616 520 1690 583 τὸ
1722 519 2052 603 διάφορόν
2079 518 2263 584 ε’στιν
2289 519 2366 596 ἐς

328 628 404 693 τὸ
435 631 563 693 ἔσω
592 628 633 711 ἢ
662 626 732 704 ἐς
755 628 829 693 τὸ
858 624 982 705 ἔξω
1012 625 1444 712 ἐξαρθρῆσαι,
1481 627 1645 690 κατὰ
1683 626 1756 691 δὲ
1781 627 1863 691 τὰ
1889 626 2185 708 γούνατα
2214 626 2363 690 δια-

277 758 301 798 5
331 733 519 820 φέρει
555 734 678 819 μέν
712 757 798 816 τι,
819 730 1120 823 ,ἔλασσον
1148 732 1226 797 δέ
1250 757 1314 797 τι
1343 731 1662 816 διαφέρει.
1745 734 1990 816 τρόπος
2027 729 2101 796 δὲ
2140 731 2361 798 ἑκατέ-

219 855 327 903 234
348 865 472 925 ρου
516 849 637 907 τοῦ
687 841 1079 924 χωλώματος
1124 840 1298 916 ἴδιός
1344 837 1551 904 ἐστιν·
1604 836 2029 924 κυλλοῦνΙται
2064 839 2187 921 μὲν
2228 841 2363 925 γὰρ

328 951 603 1031 μᾶλλον,
651 939 752 1023 οἷς
797 945 882 1011 ἂν
919 946 985 1024 ἐς
1030 948 1105 1012 τὸ
1144 943 1266 1023 ἔξω
1315 944 1719 1032 ἐξαρθρήσῃ·
1776 944 1977 1030 ὀρθοὶ
2025 946 2100 1011 δὲ
2143 941 2362 1029 ἧσσον

327 1055 654 1137 ἵστανται,
692 1046 795 1131 οἷς
830 1052 914 1118 ἂν
942 1052 1009 1129 ἐς
1046 1054 1120 1117 τὸ
1159 1049 1288 1118 ἔσω
1319 1051 1716 1138 ἐξαρθρήσῃ.
1779 1052 2095 1129 ὡσαύτως
2132 1049 2206 1117 δὲ
2244 1053 2358 1118 καὶ

326 1160 412 1244 ἢν
439 1162 615 1246 παρὰ
643 1161 717 1225 τὸ
758 1162 1022 1244 σφυρὸν
1050 1158 1449 1244 ἐξαρθρήσῃ,
1487 1158 1572 1242 ἢν
1608 1156 1732 1244 μὲν
1769 1158 1836 1235 ἐς
1872 1158 1947 1223 τὸ
1986 1156 2108 1236 ἔξω
2137 1159 2359 1244 μέρος,

248 1293 300 1331 10
326 1269 560 1333 κυλλοὶ
606 1268 727 1352 μὲν
772 1270 1104 1349 γίνονται,
1162 1264 1428 1331 ἑστάναι
1483 1266 1559 1330 δὲ
1614 1266 1963 1330 δύνανται·
2028 1265 2113 1347 ἣν
2168 1262 2243 1330 δὲ
2288 1264 2361 1342 ἐς

326 1375 400 1439 τὸ
449 1378 574 1440 ἔσω
621 1372 821 1458 μέρος
866 1372 1273 1457 ἐξαρθρήσῃ,
1329 1373 1594 1454 βλαισοὶ
1640 1376 1972 1455 γίνονται,
2019 1367 2234 1455 ἧσσον
2279 1370 2359 1436 δὲ

327 1479 592 1545 ἑστάναι
641 1481 980 1545 δύνανται.
1070 1480 1111 1562 ἥ
1158 1503 1233 1562 γε
1278 1480 1421 1563 μὴν
1457 1477 1861 1563 συναύξησις
1914 1490 2051 1543 τῶν
2106 1478 2359 1544 ὀστέων

322 1588 545 1671 τοιήδε
583 1590 861 1669 γίνεται·
929 1577 1108 1650 οἷσιν
1142 1582 1267 1670 μὲν
1305 1585 1388 1649 ἂν
1426 1586 1500 1650 τὸ
1536 1587 1699 1650 κατὰ
1724 1587 1799 1650 τὸ
1831 1585 2095 1669 σφυρὸν
2124 1585 2359 1650 ὀστέον

322 1696 399 1760 τὸ
463 1703 579 1776 τῆς
641 1697 891 1778 κνήμης
954 1690 1177 1778 ἐκστῇ,
1239 1692 1582 1757 τούτοισιν
1643 1688 1766 1776 μὲν
1823 1693 1904 1756 τὰ
1962 1701 2082 1756 τοῦ
2147 1693 2356 1768 ποδὸς

245 1824 295 1865 15
323 1800 519 1866 ὀστέα
584 1801 817 1883 ἥκιστα
886 1797 1306 1876 συναύξεται·
1377 1808 1584 1863 ταῦτα
1643 1800 1769 1882 γὰρ
1835 1797 2197 1882 ἐγγυτάτω
2231 1808 2356 1864 τοῦ

320 1909 659 1993 τρώματός
712 1905 875 1972 ἐστι·
949 1908 1028 1972 τὰ
1088 1902 1164 1971 δὲ
1221 1915 1338 1989 τῆς
1394 1907 1646 1991 κνήμης
1700 1905 1894 1971 ὀστέα
1949 1904 2213 1983 αὔξεται
2268 1906 2356 1971 οὐ

322 2018 496 2081 πολὺ
542 2013 1002 2099 ἐνδεεστέρως,
1048 2015 1117 2078 αὶ
1161 2012 1390 2097 μέντοι
1437 2013 1672 2098 σάρκες
1707 2014 2137 2094 μινύθουσιν.
2214 2004 2356 2078 οἶσι

323 2119 384 2185 δ’
428 2119 512 2185 ἂν
557 2121 720 2185 κατὰ
764 2120 886 2204 μὲν
929 2120 1004 2185 τὸ
1054 2121 1321 2206 σφυρὸν
1365 2118 1530 2204 μένῃ
1575 2121 1650 2184 τὸ
1697 2121 1960 2206 ἄρθρον
2006 2121 2171 2184 κατὰ
2220 2122 2355 2203 φύ-

322 2244 461 2310 σιν,
508 2228 671 2291 κατὰ
717 2223 790 2292 δὲ
834 2227 909 2291 τὸ
958 2229 1127 2310 γόνυ
1173 2224 1511 2316 ἐξεστήκη,
1566 2227 1863 2291 τούτοισι
1906 2228 1982 2291 τὸ
2031 2235 2148 2308 τῆς
2192 2230 2351 2311 κνή·

240 2359 294 2398 20
319 2358 446 2419 μης
508 2332 739 2399 ὀστέον
811 2334 933 2399 οὐκ
1015 2330 1233 2398 ἐθέλει
1308 2331 1760 2410 συναύξεσθαι
1835 2333 2107 2416 ὁμοίως,
2184 2333 2359 2399 ἀλλὰ

318 2440 731 2527 βραχύτερον
774 2441 1054 2522 γίνεται·
1116 2449 1314 2504 τοῦτο
1370 2441 1496 2524 γὰρ
1544 2438 1880 2522 ἐγγυτάτω
1926 2448 2047 2503 τοῦ
2093 2441 2360 2524 τρώμα-

316 2550 432 2624 τός
491 2545 697 2612 ἐστιν·
765 2555 886 2611 τοῦ
944 2546 1171 2627 μέντοι
1229 2546 1438 2621 ποδὸς
1490 2547 1571 2610 τὰ
1625 2544 1820 2610 ὀστέα
1871 2547 2150 2627 μινύθει
2205 2546 2361 2631 μέν,

462 2675 491 2721 1
529 2665 687 2722 ταῦτ’
722 2666 842 2721 MV
915 2668 1028 2722 ἐστι
1055 2666 1116 2720 Μ
1259 2673 1290 2720 2
1328 2663 1582 2736 γινοίατο
1610 2667 1685 2732 Μ,
1725 2663 1937 2736 γίνοιτο
1975 2667 2027 2720 V
2173 2674 2207 2721 3
2243 2665 2360 2723 οὖν

318 2757 426 2794 om.
459 2742 512 2792 Γ
577 2741 709 2793 ante
745 2738 907 2808 μέζον
944 2739 1072 2792 add.
1111 2738 1211 2793 καὶ
1245 2739 1358 2791 ΒΓ
1424 2738 1504 2801 εἰς
1537 2738 1609 2804 Β,
1648 2735 1683 2805 ἢ
1722 2738 1779 2801 ἐς
1814 2737 1934 2790 MV
2058 2745 2093 2791 4
2132 2737 2259 2793 εἴσω
2291 2740 2359 2793 Μ

391 2811 471 2874 εἰς
505 2812 616 2864 ΒΓ
681 2809 827 2864 κατὰ
862 2809 1015 2879 γούν.
1054 2808 1118 2864 δὲ
1155 2812 1316 2878 διαφ.
1355 2808 1477 2862 MV
1612 2814 1643 2861 6
1684 2808 1797 2862 ἐστι
1833 2807 1885 2862 V
1957 2811 2254 2864 κυλλουται
2283 2815 2357 2877 Γ,

317 2890 587 2950 γυοῦνται
624 2881 745 2935 MV
853 2888 883 2935 7
923 2878 1069 2936 οἶσιν
1098 2884 1152 2950 (ν
1185 2881 1289 2949 Μ’)
1320 2879 1440 2933 MV
1548 2885 1580 2933 8
1620 2876 1766 2934 οἷσιν
1804 2882 1857 2948 (ν
1888 2880 2015 2933 add.
2044 2880 2152 2950 Μ’)
2183 2882 2355 2936 codd.

319 2952 400 3015 εἰς
435 2952 495 3005 Μ
603 2952 729 3007 εἴσω
766 2951 818 3005 V
931 2953 1061 3020 περὶ
1096 2955 1309 3006 κυλλῶν
1345 2952 1444 3005 καὶ
1480 2949 1720 3022 βλέσσων
1756 2950 1845 3004 tit.
1883 2952 1945 3003 in
1981 2951 2138 3005 ealce
2175 2952 2235 3004 M

321 3028 384 3076 11
426 3023 555 3077 εἴσω
584 3023 705 3077 MV
777 3023 995 3106 βλεσσοὶ
1021 3023 1143 3077 MV
1212 3023 1344 3092 post
1380 3024 1458 3093 βλ.
1500 3022 1627 3074 add.
1667 3021 1768 3091 μὲν
1804 3020 1926 3074 MV
2035 3026 2101 3075 12
2139 3023 2360 3087 ξυναύ-

318 3093 473 3162 ξησις
508 3093 713 3149 ὀστέων
750 3095 838 3148 int.
868 3094 904 3147 i.
933 3112 1006 3148 m.
1036 3094 1096 3146 M
1222 3093 1448 3159 ξυναύξ.
1477 3092 1624 3161 MV,
1663 3093 1772 3162 μὴν
1811 3089 1914 3147 οὖν
1942 3110 2046 3147 συν
2074 3094 2196 3159 αὔξ.
2227 3097 2284 3147 Γ

320 3170 386 3217 13
426 3162 537 3218 οῖσι
563 3165 684 3218 MV
764 3163 911 3219 οἷσιν
933 3209 943 3218 .
969 3209 979 3218 .
1004 3209 1015 3218 .
1037 3169 1286 3237 χρῆσθαι
1312 3170 1390 3238 τῷ
1410 3163 1588 3219 σκέλει
1623 3166 1698 3233 (p.
1724 3169 1843 3231 196,
1865 3166 1954 3233 23)
1983 3180 2089 3218 om.
2122 3168 2174 3218 Γ
2241 3161 2361 3220 οὖν

316 3252 418 3303 pro
457 3233 529 3288 ἂν
566 3235 686 3289 MV
801 3236 866 3291 τὸ
912 3238 1043 3290 ante
1090 3237 1234 3290 κατὰ
1271 3253 1378 3290 om.
1418 3234 1537 3288 MV
1683 3240 1751 3288 14
1785 3235 2031 3289 τούτοισι
2066 3234 2152 3302 Μ,
2201 3245 2358 3290 τοῖσι

319 3304 370 3358 V
533 3309 599 3357 15
637 3305 860 3371 ξυναύξ.
898 3307 958 3359 Μ
1116 3313 1183 3360 16
1222 3308 1369 3362 ἐστιν
1406 3306 1467 3359 Μ
1590 3308 1721 3376 post
1756 3307 1876 3370 αὐξ.
1917 3306 2046 3360 add.
2086 3306 2188 3375 μὲν
2224 3306 2356 3362 MV

428 3379 492 3427 17
530 3376 659 3442 post
692 3376 835 3429 πολὺ
874 3377 1001 3430 add.
1043 3376 1106 3431 δὲ
1141 3378 1262 3431 MV
1333 3381 1708 3447 μινυνθουσιν
1745 3378 1818 3443 Β,
1855 3377 2178 3447 μηνύθουσι
2213 3377 2275 3431 M

321 3449 388 3565 ἐξ
428 3444 705 3567 ἑὲῖῗτίἰᾶιρῖι
739 3445 792 3498 V
940 3453 1009 3500 20
1057 3448 1280 3512 ξυναύξ.
1319 3448 1440 3503 MV
1585 3455 1649 3501 21
1691 3448 2042 3520 βραχύτατον
2081 3448 2201 3502 MV
