2588 3876
967 853 1700 930 PRAEFATIO.

453 1144 531 1200 M.
561 1163 679 1202 van
706 1138 1067 1202 Hei-werden
1093 1145 1157 1201 in
1185 1143 1375 1202 Musei
1401 1141 1826 1221 Groningensis
1854 1144 1970 1202 vol.
1989 1142 2095 1218 IV,
2130 1164 2187 1219 p.
2212 1146 2337 1203 107

319 1233 494 1292 huius
530 1233 808 1292 editionis
845 1233 1121 1291 volumen
1160 1234 1423 1307 primum
1461 1224 1727 1313 (Lipsiae
1759 1224 1959 1314 1894)
1997 1251 2344 1308 percensens

318 1324 716 1397 conqueritur,
764 1321 922 1397 quod
969 1321 1319 1380 Ermerinsii
1361 1321 1800 1380 emendationes
1848 1324 1953 1380 aut
1996 1341 2211 1397 parum
2254 1342 2344 1381 re·
2464 1340 2473 1348 ·

321 1413 610 1486 spexerim
658 1415 764 1469 aut
809 1411 944 1469 aliis
991 1411 1135 1469 viris
1192 1410 1381 1469 doctis
1397 1455 1412 1484 ,
1465 1409 1747 1469 nimirum
1799 1408 2129 1485 Germanis,
2173 1412 2345 1470 attri-

319 1499 563 1559 buerim.
664 1499 794 1558 Hoc
855 1519 990 1558 cum
1048 1500 1174 1558 sine
1233 1500 1358 1557 ullo
1424 1498 1773 1558 documento
1835 1501 2207 1575 protulisset,
2269 1520 2346 1558 ne

319 1589 513 1648 malae
549 1588 691 1647 fidei
735 1591 863 1646 iure
900 1589 1133 1648 viderer
1169 1590 1463 1663 accusari,
1509 1608 1617 1664 per
1652 1589 1883 1647 litteras
1921 1589 1995 1647 ab
2031 1607 2102 1648 eo
2135 1590 2345 1664 petivi,

319 1681 386 1736 ut
431 1696 530 1736 eos
586 1679 755 1756 locos·
800 1677 949 1735 mihi
1003 1677 1320 1751 indicaret,
1366 1676 1469 1734 ubi
1512 1678 1663 1735 talia
1707 1694 2054 1751 peccassem.
2146 1678 2346 1753 Atque

317 1767 421 1825 ille
454 1767 710 1842 privatis
756 1767 975 1825 litteris
1014 1767 1360 1826 clementior
1395 1785 1575 1841 quam
1611 1766 1867 1840 publicis
1913 1766 1985 1824 de
2023 1766 2346 1825 acerbitate

320 1873 450 1930 sua,
507 1875 660 1930 quae
717 1858 868 1914 esset
921 1855 986 1913 in
1040 1855 1447 1914 additamento
1503 1855 1828 1930 „nimirum
1873 1853 2227 1914 Germanis“
2284 1873 2345 1913 se

321 1963 601 2004 excusans
641 1947 924 2021 quattuor
961 1945 1321 2023 significavit
1356 1946 1546 2019 locos,
1593 1964 1741 2021 quos
1776 1947 1841 2003 in
1879 1946 2204 2021 exemplari
2238 1963 2346 2003 suo

317 2035 555 2093 notatos
600 2035 860 2110 reperire
905 2036 1211 2110 potuisset.
1294 2034 1560 2096 Primum
1595 2036 1784 2111 igitur
1818 2054 1914 2093 me
1948 2033 2347 2111 reprehendit,

321 2123 481 2198 quod
517 2122 549 2180 I
580 2124 682 2197 64,
705 2125 784 2182 12
827 2124 1082 2182 feliciter
1107 2124 1457 2182 restitutum
1482 2122 1636 2181 illud
1660 2116 1948 2204 Ἀναριεῖς
1977 2123 2346 2200 GomperziO,

319 2230 437 2269 non
457 2212 823 2271 Ermerinsio
855 2212 1246 2271 attribuerim.
1305 2211 1391 2270 At
1415 2214 1676 2287 primum
1702 2211 1800 2271 hic
1827 2209 2063 2292 ἀναρίες
2089 2214 2347 2287 scripsit,

317 2318 435 2359 non
467 2294 773 2380 Ἀναριεῖς,
813 2304 874 2359 et
908 2303 972 2358 in
1001 2304 1298 2378 apparatu
1327 2292 1470 2381 (vol.
1490 2300 1538 2375 I,
1566 2321 1622 2376 p.
1648 2303 1772 2359 277
1776 2294 1805 2382 )
1834 2302 1979 2361 haec
2007 2301 2345 2360 adnotavit:

318 2386 596 2465 „Optimo
634 2408 740 2449 suo
776 2391 904 2448 iure
942 2386 1171 2471 ἐναρέες
1208 2389 1459 2449 coniecit
1495 2389 1861 2464 Mercuriali,
1899 2390 2057 2465 quod
2094 2391 2346 2449 fortasse

318 2480 518 2537 noster
565 2480 817 2554 scripsit.
920 2478 1112 2537 Malui
1166 2482 1368 2537 tamen
1413 2475 1670 2559 ἀνΑρίες
1726 2479 2004 2553 scribere,
2065 2478 2226 2554 quod
2270 2478 2346 2535 ad

317 2565 450 2624 Ald.
498 2568 815 2627 lectionem
872 2564 1150 2648 ἆνΔριεΐς
1203 2569 1448 2644 propius
1496 2566 1775 2626 accedit.“
1868 2565 2089 2636 Quodsi
2124 2567 2345 2626 Batavi

317 2652 551 2735 ἀναρίες
607 2656 1010 2731 adnotassem,
1074 2659 1258 2715 etiam
1310 2655 1527 2714 Veneti
1598 2654 1825 2736 ἐναρίες
1888 2675 2346 2715 commemorare

317 2743 672 2820 debuissem,
730 2749 825 2804 cui
880 2746 1086 2821 copiae
1142 2745 1659 2804 commentariolus
1704 2763 1869 2804 meus
1915 2764 2034 2804 non
2079 2745 2342 2821 patebat.

319 2830 596 2892 Ceterum
649 2854 723 2893 ne
772 2833 1153 2910 Gomperzius
1202 2834 1441 2910 quidem
1485 2836 1550 2891 in
1595 2835 1813 2893 litteris
1858 2833 2041 2893 Acad.
2089 2833 2344 2893 Vindob.

318 2913 488 3002 (tom.
541 2924 696 2997 103,
749 2943 806 2999 p.
860 2915 1043 3005 174),
1115 2924 1270 2981 unde
1331 2922 1487 2981 illud
1552 2923 1919 2999 deprompsi,
1993 2923 2347 2982 Ermerinsii

318 3013 681 3072 mentionem
725 3013 888 3071 facit.

447 3099 658 3158 Altero
695 3100 825 3160 loco
862 3100 1293 3160 Herwerdenus
1323 3101 1550 3176 videat,
1587 3122 1661 3160 ne
1687 3102 1751 3160 id
1780 3100 1940 3177 quod
1966 3101 2117 3159 mihi
2145 3101 2346 3174 obicit,

317 3184 442 3263 ipse
487 3192 706 3265 peccet.
800 3188 971 3258 Quod
1016 3191 1175 3248 enim
1221 3190 1368 3249 dicit
1412 3190 1444 3250 Ι
1484 3191 1629 3266 145,
1661 3193 1697 3249 5
1746 3193 1870 3249 iam
1915 3190 2346 3249 Ermerinsium

320 3294 521 3335 verum
559 3278 786 3337 dedisse
831 3278 1099 3358 προσδεῖ,
1144 3279 1522 3338 vehementer
1561 3282 1737 3338 errat.
1802 3278 2052 3356 Legitur
2089 3280 2246 3336 enim
2280 3280 2344 3334 in

323 3364 576 3426 editione
629 3366 1072 3426 Ermerinsiana
1129 3386 1197 3427 eo
1250 3370 1383 3443 ipso
1439 3369 1569 3426 loco
1626 3361 1768 3449 (vol.
1807 3368 1864 3441 Ι,
1909 3387 1967 3442 p.
2001 3369 2147 3439 327,
2192 3366 2230 3420 l.
2272 3356 2341 3440 3)

329 3453 676 3534 προσὸἑεται.
771 3456 861 3514 Ea
914 3459 1048 3533 ipsa
1103 3456 1175 3514 de
1230 3474 1409 3516 causa
1463 3456 1714 3530 fallitur,
1770 3454 1928 3529 quod
1980 3456 2043 3509 in
2099 3464 2341 3508 censura
