2588 3876
360 138 487 202 208
811 142 984 191 ΠΕΡΙ
1017 140 1307 193 ΑΡΘΡΩΝ
1344 141 1703 192 ΕΜΒΟΛΗΣ
1741 144 1825 193 59.
1857 144 1923 192 60

360 327 517 387 ρων,
563 303 673 366 καὶ
709 303 874 365 κατὰ
916 302 1041 384 μὲν
1084 305 1204 367 τὸν
1248 304 1563 384 βουβῶνα
1600 300 1906 385 ἐξογκέον
1941 286 2029 366 τεχ
2047 303 2159 366 καὶ
2196 324 2396 366 κατα-

358 408 717 491 τεταμένον
775 410 848 472 τὸ
909 410 1154 494 χωρίον
1214 411 1549 493 φαίνεται,
1614 410 1778 473 κατὰ
1842 410 1915 474 δὲ
1968 410 2042 473 τὸ
2098 418 2396 491 πυγαῖον

360 513 960 599 στολιδωδέστερον
1003 516 1113 579 καὶ
1150 515 1612 601 ἆσαρκότερον.
1685 524 1891 580 ταῦτα
1925 515 2049 597 μὲν
2085 509 2214 579 οὖν
2249 513 2393 579 ἐστι

359 633 595 706 σημεῖα
638 621 720 686 τὰ
764 621 1102 707 εἰρημένα,
1150 617 1245 686 ὧν
1291 620 1379 686 ἂν
1424 621 1634 699 οὕτως
1671 620 2047 707 ἐκπεπτώκῃ
2088 622 2123 686 ὁ
2161 623 2392 705 μηρός.

306 756 331 796 5
495 728 598 793 60.
654 726 987 793 Ὁπόσοισι
1031 730 1155 810 μὲν
1201 724 1329 793 οὖν
1373 728 1460 793 ἂν
1494 731 1620 813 ἤδη
1667 727 2149 814 ἠνδρωμένοισι
2186 736 2391 793 τοῦτο

359 837 434 900 τὸ
482 837 744 921 ἄρθρον
790 834 1067 901 ἐκπεσὸν
1110 837 1198 919 μὴ
1253 834 1531 921 ἐμπέσῃ,
1593 830 1810 918 οὗτοι,
1867 834 2028 899 ὅταν
2082 834 2393 899 αὐτοῖσιν

359 943 400 1025 ἡ
447 942 658 1025 ὀδύνη
705 944 1030 1026 παύσηται
1085 943 1195 1007 καὶ
1248 944 1325 1007 τὸ
1383 943 1646 1027 ἄρθρον
1701 939 1949 1026 ἐθισθῇ
2005 939 2080 1006 ἐν
2132 948 2223 1028 τῷ
2260 966 2394 1024 χω-

360 1051 481 1136 ρίῳ
526 1049 739 1136 τούτῳ
786 1055 1256 1134 στρωφᾶσθαι,
1305 1049 1416 1114 ἵνα
1461 1046 1783 1130 ἐξέπεσεν,
1831 1041 2018 1112 οὗτοι
2065 1048 2397 1112 δύνανται

359 1156 599 1239 σχεδὸν
644 1156 845 1241 ὀρθοὶ
892 1156 1273 1238 ὁδοιπορεῖν
1320 1157 1482 1220 ἄνευ
1519 1152 1753 1237 ξύλου,
1800 1156 1910 1218 καὶ
1946 1155 2123 1219 πάνυ
2158 1152 2398 1235 μέντοι

281 1291 333 1331 10
361 1261 593 1338 εὐθέες
637 1261 747 1327 ἐπί
790 1286 864 1345 γε
909 1264 983 1327 τὸ
1032 1263 1311 1347 σιναρὸν
1357 1261 1468 1326 ἄτε
1505 1262 1659 1326 οὔτε
1704 1262 1868 1325 κατὰ
1910 1261 2030 1324 τὸν
2073 1264 2402 1344 βουβῶνα

361 1370 682 1450 εὔκαμποι
730 1367 947 1444 ἐόντες
1001 1370 1154 1433 οὔτε
1207 1368 1373 1433 κατὰ
1415 1369 1537 1451 τὴν
1585 1370 1842 1451 ἰγνύην.
1933 1369 2046 1432 διὰ
2089 1361 2214 1431 οὗν
2262 1377 2400 1432 τοῦ

361 1477 706 1557 βουβῶνος
757 1477 881 1559 τὴν
936 1474 1269 1559 ἄκαμπίην
1324 1473 1665 1561 εὐθυτέρῳ
1724 1474 1855 1561 ὅλῳ
1909 1482 2001 1561 τῷ
2049 1464 2265 1539 σκέλει
2316 1473 2403 1538 ἐν

239 1640 254 1655 ,
359 1591 437 1667 τῇ
495 1582 841 1667 ὁδοιπορίῃ
887 1581 1206 1667 χρέωνται
1260 1582 1302 1666 ἢ
1358 1582 1467 1646 ὅτε
1520 1581 1847 1664 ὑγίαινον.
1939 1582 2048 1646 καὶ
2103 1581 2404 1664 σύρουσι

363 1689 437 1753 δὲ
499 1686 712 1754 ἐνίοτε
773 1691 935 1775 πρὸς
997 1690 1120 1772 τὴν
1181 1698 1313 1773 γῆν
1364 1690 1483 1753 τὸν
1534 1690 1739 1771 πόδα,
1804 1689 1917 1753 ἄτε
1973 1687 2053 1753 οὐ
2115 1687 2405 1772 ῥηιδίως

282 1823 333 1864 15
362 1796 897 1878 συγκάμπτοντες
940 1797 1019 1859 τὰ
1065 1796 1202 1860 ἄνω
1241 1797 1465 1881 ἄρθρα
1510 1793 1620 1859 καὶ
1657 1794 1771 1859 ἅτε
1806 1796 2005 1859 παντὶ
2041 1796 2407 1877 βαίνοντες

361 1910 454 1992 τῷ
491 1904 676 1969 ποδί·
741 1902 943 1968 οὐδὲν
988 1903 1115 1987 γὰρ
1151 1897 1366 1986 ἧσσον
1410 1911 1488 1988 τῇ
1525 1900 1769 1987 πτέρνῃ
1809 1895 1998 1967 οὗτοι
2032 1902 2407 1984 βαίνουσιν

361 2009 401 2093 ἢ
447 2018 537 2097 τῷ
576 2008 983 2095 ἔμπροσθεν·
1044 2011 1104 2074 εἰ
1151 2008 1229 2075 δέ
1270 2033 1348 2092 γε
1392 2010 1726 2094 ἠδύναντο
1772 2008 1939 2091 μέγα
1975 2010 2406 2094 προβαίνειν,

252 2136 359 2184 258
378 2114 506 2180 κᾶν
550 2117 728 2180 πάνυ
774 2117 1211 2201 πτερνοβάται
1247 2112 1444 2199 ἦσαν·
1504 2117 1614 2181 καὶ
1646 2115 1654 2189 Ι
1686 2118 1812 2198 γὰρ
1862 2117 1926 2180 οἱ
1970 2115 2410 2197 ὑγιαίνοντες

361 2222 495 2309 ὅσῳ
568 2221 653 2286 ἂν
723 2222 916 2306 μέζον
986 2225 1462 2309 προβαίνοντες
1536 2220 2007 2306 ὁδοιπορέωσι,
2081 2224 2401 2311 τοσούτῳ

508 2385 533 2432 1
574 2380 671 2433 καὶ
705 2379 848 2434 κατὰ
880 2423 890 2433 .
925 2424 935 2434 .
969 2424 978 2432 .
1010 2379 1196 2450 μηρός.
1235 2382 1312 2450 (4)
1351 2398 1456 2434 om.
1497 2384 1550 2433 Γ
1632 2382 1762 2448 post
1800 2380 1942 2433 ἐπικ.
1983 2378 2109 2431 add.
2150 2379 2283 2447 περὶ
2311 2376 2410 2435 ὧν

360 2446 524 2512 οἶδας
559 2451 662 2520 Ap.
792 2450 893 2520 μὲν
930 2469 1036 2506 om.
1074 2452 1120 2504 B
1249 2450 1602 2521 ἐξογκέονται
1640 2450 1828 2517 codd.‚
1885 2467 2022 2504 corr.
2062 2450 2195 2502 Litt.
2332 2472 2409 2507 τε

360 2540 465 2577 om.
505 2522 608 2592 Ap.
757 2528 788 2575 3
826 2523 901 2576 ad
939 2525 1077 2576 στολ.
1117 2524 1152 2575 i.
1191 2542 1263 2576 m.
1306 2531 1602 2590 ρῦσοτερον
1639 2522 1684 2574 Β
1732 2520 1952 2590 (Galeni
1988 2520 2409 2590 interpretatio

358 2595 510 2648 vocis
548 2597 713 2662 στολ.)
820 2593 1102 2662 ἀσαρκό(ω
1149 2595 1387 2664 Β)τατον
1433 2594 1573 2657 ΒΜ,
1629 2590 2118 2661 ἀσαρκωδέστερον
2169 2592 2279 2662 Ap.

360 2664 459 2734 μὲν
496 2685 543 2719 ο.
584 2666 623 2719 ἐ.
663 2683 769 2720 om.
799 2667 902 2734 Ap.
1042 2671 1075 2718 4
1113 2665 1322 2735 σημήϊά
1359 2666 1473 2720 ἐστι
1501 2664 1644 2729 MV,
1681 2663 1753 2718 τὰ
1789 2664 1887 2732 εἰρ.
1928 2679 2051 2732 σημ.
2091 2664 2205 2718 ἐστι
2234 2664 2409 2719 Erm.

468 2737 541 2799 ὡς
576 2754 679 2806 pro
716 2733 795 2790 ὧν
832 2737 899 2803 V,
950 2729 992 2810 ᾧ
1018 2736 1124 2806 Ap.
1245 2735 1409 2798 ὄντος
1443 2737 1489 2789 Β
1608 2737 1947 2790 ἐκπεπτώκει
1984 2734 2033 2787 V
2142 2734 2172 2788 ὃ
2212 2737 2416 2804 μηρός

360 2824 466 2861 om.
505 2808 607 2876 Ap.
756 2814 787 2861 5
835 2807 916 2862 ὀκ.
966 2807 1124 2862 codd.
1236 2804 1348 2862 οῖσι
1394 2805 1453 2862 δ’
1486 2805 1558 2861 ἂν
1595 2806 1703 2875 ἤδη
1740 2810 1793 2859 Γ
1897 2802 2048 2869 ὅσοις
2094 2806 2197 2875 Ap.
2318 2805 2415 2863 ἂν

360 2894 466 2931 om.
505 2880 610 2948 Ap.
774 2884 805 2931 6
854 2879 972 2933 ἐνπ.
1011 2883 1064 2933 Γ
1167 2877 1304 2934 ὅταν
1355 2879 1544 2948 PAp.‚
1601 2877 1684 2932 ὀκ.
1733 2880 1837 2931 cet.
1948 2878 2167 2931 αὐτοῖσι
2213 2877 2302 2943 Μ,
2374 2903 2416 2935 ν

362 2950 490 3002 add.
529 2950 614 3003 Μ’
768 2954 798 3002 7
837 2948 1100 3020 ἐθισθείη
1137 2950 1257 3004 MV
1411 2955 1444 3002 8
1480 2949 1659 3022 τούτῳ
1696 2965 1802 3002 om.
1841 2948 2077 3017 MVAp.
2189 2965 2413 3019 στροφ.

361 3020 493 3086 VP‚
541 3018 884 3090 στρέφεσθαι
920 3022 1022 3091 Ap.
1134 3018 1291 3076 οὗτοι
1329 3021 1437 3075 del.
1476 3021 1622 3074 ΕΗΒ.
1768 3025 1803 3072 9
1840 3018 2040 3089 σχεδόν
2076 3039 2132 3072 τι
2167 3020 2280 3089 Ap.

359 3111 442 3159 γρ.
480 3092 579 3145 καὶ
614 3093 790 3156 εὐθύς
824 3092 859 3145 i.
891 3111 962 3145 m.
993 3092 1075 3158 M,
1115 3094 1292 3154 εὐθὺς
1326 3109 1426 3162 pro
1467 3091 1636 3160 ὀρθοὶ
1671 3091 1722 3145 V
1829 3089 2183 3157 ὁδοιπορέειν
2223 3093 2413 3147 codd.

466 3162 564 3216 καὶ
604 3162 758 3217 πάνυ
789 3207 800 3216 ,
834 3206 844 3216 .
878 3206 888 3217 .
919 3160 1180 3233 ὑγίαινον
1216 3167 1331 3233 (13)
1369 3181 1474 3217 om.
1508 3168 1559 3217 Γ
1704 3166 1768 3215 10
1812 3181 1874 3230 γε
1911 3161 2075 3228 th.‚
2114 3161 2178 3216 δὲ
2219 3164 2410 3219 codd.

432 3233 499 3285 οὐ
527 3232 579 3285 V
706 3240 768 3287 11
809 3235 1031 3303 ἰγνύην·
1071 3235 1170 3289 διὰ
1206 3231 1311 3290 οὖν
1347 3235 1478 3288 Litt.
1509 3234 1656 3287 Erm.
1687 3233 1786 3302 Pq.
1904 3240 2042 3302 γοῦν
2070 3233 2154 3299 Μ,
2194 3231 2254 3303 γ’
2289 3233 2415 3291 οὖν

361 3300 413 3354 V
558 3308 623 3355 12
670 3305 933 3375 ἀκαμπην
970 3307 1015 3359 Β
1162 3312 1228 3359 13
1274 3304 1533 3378 χρέονται
1577 3304 1698 3357 MV
1880 3309 1945 3357 15
1991 3304 2144 3374 ξυγκ.
2183 3304 2248 3356 Μ

367 3376 431 3424 16
471 3371 637 3427 οὐδὲν
670 3415 680 3424 .
715 3417 726 3426 .
758 3417 769 3428 .
800 3376 1115 3443 ἔμπροσθεν
1153 3379 1263 3445 (17)
1302 3394 1407 3430 om.
1442 3381 1493 3430 Γ
1607 3374 1786 3430 οὐθὲν
1824 3375 2012 3440 codd„
2050 3376 2224 3430 οὐδὲν
2255 3376 2409 3431 Litt.

362 3443 511 3495 Erm.
551 3442 649 3510 Pq.
795 3442 1052 3516 βαίνουσι
1096 3448 1142 3500 Β
1290 3453 1354 3501 17
1412 3448 1475 3501 τὸ
1522 3464 1622 3516 pro
1667 3452 1745 3520 τῷ
1783 3445 1833 3499 V
1940 3466 2002 3514 γε
2039 3464 2145 3499 om.
2196 3446 2244 3498 E

368 3517 432 3564 19
471 3511 862 3580 ὀδοιπορέουσι
899 3516 1008 3569 ΒΓ
1108 3535 1338 3572 τοσοντο
1378 3523 1429 3572 Γ
