2588 3876
952 154 1418 207 mmm
1458 159 1488 207 τ
2138 147 2227 214 5¹1

230 316 515 383 λυπέωσι
557 319 718 401 μήτε
761 339 862 394 τις
904 315 1178 394 ἕλκωσις
1221 317 1506 401 μηδεμία
1552 315 1997 402 ὑποπτεύηται
2045 313 2237 402 εἶναι,

229 423 345 490 ἐᾶν
387 426 509 509 χρὴ
546 423 558 510 l
592 423 1020 490 ἐπιδεδέσθαι
1054 422 1131 489 ἐν
1164 432 1341 488 τοῖσι
1375 421 1724 508 νάρθηξιν,
1759 420 1891 489 ἔστ’
1932 423 2018 489 ἂν
2052 424 2220 511 ὑπὲρ
2237 438 2343 487 440

229 533 478 596 εἴκοσιν
539 530 781 616 ἡμέρας
846 529 1129 614 γένηται.
1221 528 1298 595 ἐν
1360 531 1485 616 γὰρ
1545 533 1899 616 τριήκοντα
1960 532 2240 615 μάλιστα

226 647 372 723 τῇσι
418 638 796 723 συμπάσησι
838 637 1230 721 κρατύνεται
1274 635 1469 701 ὀστέα
1512 638 1592 700 τὰ
1634 635 1711 702 ἐν
1755 640 1947 722 πήχει
1990 639 2065 703 τὸ
2103 637 2239 704 ἐπί-

227 765 381 809 παν·
427 741 692 830 ἀτρεκὲς
737 744 811 808 δὲ
856 742 1082 809 οὐδέν·
1146 743 1320 827 μάλα
1364 744 1489 829 γάρ
1538 743 1662 827 [τε]
1708 741 1819 809 καὶ
1865 745 2067 828 φύσις
2111 745 2241 830 φύ-
2293 768 2319 809 5

229 868 366 928 σιος
403 849 512 916 καὶ
549 852 769 935 ἡλικίη
806 851 1063 934 ἡλικίης
1099 848 1417 935 διαφέρει.
1492 848 1656 933 ἐπὴν
1692 847 1768 914 δὲ
1804 852 2030 937 λύσῃς,
2056 851 2239 936 ὕδωρ

225 960 481 1043 θερμὸν
515 957 825 1043 καταχέαι
859 960 982 1044 χρὴ
1018 955 1128 1022 καὶ
1164 958 1612 1042 μετεπιδῆσαι,
1644 952 1855 1040 ἧσσον
1890 955 2013 1042 μὲν
2039 958 2241 1046 ὀλίγῳ

223 1064 538 1130 πιέσαντα
571 1065 612 1148 ἢ
660 1067 735 1130 τὸ
770 1067 1091 1150 πρόσθεν,
1128 1063 1440 1130 ἐλάσσοσι
1477 1060 1551 1128 δὲ
1598 1074 1819 1130 τοῖσιν
1863 1063 2243 1131 ὀθονίοισιν

220 1171 262 1255 ἢ
306 1173 381 1237 τὸ
430 1176 783 1258 πρότερον·
829 1170 938 1236 καὶ
983 1169 1205 1237 ἔπειτα
1250 1172 1363 1236 διὰ
1406 1174 1630 1256 τρίτης
1675 1171 1917 1256 ἡμέρης
1955 1172 2244 1236 λύσαντα

225 1278 502 1362 ἐπιδεῖν,
548 1276 654 1344 ἐπὶ
699 1275 822 1362 ’μὲν
863 1272 1075 1362 ἧσσον
1119 1277 1443 1361 πιέζοντα,
1490 1275 1598 1343 ἐπὶ
1635 1274 1711 1343 δὲ
1755 1277 2064 1343 ἑλάσσοσι
2100 1287 2241 1354 τοῖς
2268 1303 2321 1343 ιο

224 1385 576 1450 ὀθονίοισι.
668 1383 834 1468 ἐπὴν
879 1382 981 1466 δέ,
1039 1384 1199 1449 ὅταν
1244 1394 1419 1448 τοῖσι
1472 1383 1800 1469 νάρθηξιν
1846 1385 2035 1471 δεθῇ,
2079 1385 2243 1450 ὑπο-

225 1493 467 1577 πτεύῃς
520 1492 600 1555 τὰ
656 1489 850 1555 ὀστέα
902 1492 990 1574 μὴ
1049 1490 1272 1575 ὀρθῶς
1326 1496 1593 1554 κεῖσθαι
1646 1490 1687 1573 ἢ
1742 1493 1905 1556 ἄλλο
1960 1513 2024 1556 τι
2083 1491 2241 1577 ὀχλῇ

224 1599 338 1663 τὸν
380 1596 816 1683 τετρωμένον,
862 1598 1153 1661 λύσαντα
1199 1594 1272 1661 ἐν
1318 1604 1409 1684 τῷ
1446 1599 1699 1680 μεσηγὺ
1745 1606 1864 1662 τοῦ
1906 1601 2154 1683 χρόνου
2200 1597 2241 1681 ἢ

224 1703 426 1792 ὀλίγῳ
463 1706 763 1788 πρόσθεν
799 1703 1239 1787 μετεπιδῆσαι.
1297 1703 1517 1767 δίαιτα
1554 1699 1628 1768 δὲ
1668 1705 2027 1786 τούτοισιν,
2066 1696 2243 1769 οἷσιν

225 1809 305 1875 ἄν
362 1811 456 1894 μὴ
511 1809 700 1881 ἕλκεα
759 1808 824 1887 ἐξ
885 1809 1088 1894 ἀρχῆς
1145 1808 1415 1894 γένηται
1473 1808 1514 1892 ἢ
1574 1807 1767 1874 ὀστέα
1824 1806 1944 1887 ἔξω
2005 1808 2244 1895 ἐξίσχῃ,
2271 1835 2323 1876 15

227 1916 413 2002 ἀρκεῖ
474 1916 853 2001 ὑποφαύλη.
945 1914 1365 2002 ἐνδεέστερον
1430 1912 1504 1981 δὲ
1565 1918 1688 2002 χρὴ
1759 1916 2022 1982 διαιτᾶν
2094 1918 2244 2002 ἄχρι

224 2023 522 2110 ἡμερέων
568 2022 747 2107 δέκα,
793 2024 908 2088 ἅτε
955 2024 1036 2108 δὴ
1071 2021 1184 2088 καὶ
1220 2022 1625 2107 ἐλινύοντας,
1669 2022 1781 2088 καὶ
1818 2026 2045 2102 ὄψοισι
2082 2024 2244 2089 ἁπα-

225 2134 405 2196 λοῖσι
435 2136 747 2215 χρῆσθαι,
766 2130 976 2195 ὁπόσα
1001 2140 1080 2215 τῇ
1111 2127 1382 2216 διεξόδῳ
1402 2132 1793 2214 μετριότητα
1814 2132 2243 2216 παρασχήσεί·

226 2239 420 2302 οἴνου
468 2234 542 2302 δὲ
585 2234 696 2301 καὶ
740 2239 1149 2322 κρεηφαγίης
1192 2236 1569 2321 ἀπέχεσθαι.
1642 2239 1864 2302 ἔπειτα
1906 2236 2132 2321 μέντοι
2173 2236 2247 2302 ἐκ

226 2352 662 2428 προσαγωγῆς
720 2343 728 2426 Ι
787 2342 1317 2426 ἀνακομίζεσθαι.
1410 2338 1607 2420 οὗτος
1657 2343 1692 2409 ὁ
1749 2346 1944 2427 λόγος
2008 2345 2227 2427 ὥσπερ
2246 2360 2349 2409 442

226 2451 430 2534 νόμος
483 2459 692 2514 κεῖται
747 2451 1002 2525 δίκαιος
1053 2446 1206 2534 περὶ
1260 2450 1691 2533 κατηγμοίτων
1747 2450 1987 2533 ἱήσιος,
2043 2450 2132 2526 ὥς
2176 2473 2246 2514 τε
2274 2477 2325 2516 21

372 2684 402 2731 1
443 2677 582 2747 μκηδὲ
619 2675 719 2747 μία
754 2674 875 2730 MV
1036 2682 1068 2729 2
1107 2696 1212 2745 νοιρ
1165 2675 1261 2730 ’θ’
1261 2677 1354 2747 ηξι
1390 2676 1441 2730 V
1602 2681 1633 2728 3
1681 2675 1888 2747 γίν.Μ
1994 2676 2101 2746 γὰρ
2139 2693 2243 2731 om.

226 2748 347 2802 MV
492 2753 526 2801 4
575 2749 736 2817 ξυμκπ.
777 2747 902 2801 MV
1046 2753 1078 2801 5
1116 2748 1186 2802 ἀτ
1187 2698 1355 2816 ρακὲς
1390 2747 1435 2800 Β
1541 2746 1716 2817 μάλλα
1754 2747 1800 2800 Β
1902 2767 1959 2802 τε
1998 2764 2103 2802 om.
2143 2747 2246 2801 DF

225 2818 481 2873 HIJKN
516 2817 650 2873 Litt.
779 2824 810 2872 6
848 2818 1010 2888 ἡλικη
1047 2818 1092 2871 Β
1222 2825 1250 2871 7
1290 2838 1558 2889 καταχεαι
1595 2821 1730 2872 mut.
1761 2818 1821 2871 in
1858 2838 2032 2890 -χεειν
2059 2818 2134 2872 B⁸

228 2895 259 2943 8
297 2899 444 2946 τοῖσι
481 2889 764 2946 ὀθονίοισι
800 2890 915 2942 ΒΜ
1061 2896 1127 2943 10
1171 2898 1315 2944 τοῖσι
1351 2890 1435 2957 Μ,
1479 2898 1659 2944 τοῖσιν
1695 2889 1747 2943 V
1891 2895 1955 2943 11
1997 2888 2249 2946 ὀθονίοι-

229 2978 319 3017 σιν
355 2961 409 3016 V
481 2958 616 3017 ὅταν
655 2979 759 3015 om.
789 2960 842 3014 V
911 2962 1041 3030 post
1077 2958 1213 3015 ὅταν
1252 2960 1380 3014 add.
1420 2961 1481 3016 ἐν
1520 2960 1589 3013 de
1627 2976 1726 3014 suo
1763 2960 1911 3015 Erm.
2003 2960 2250 3032 ναρθηξι

227 3032 348 3087 MV
477 3039 544 3086 12
583 3030 744 3104 ὀχλέῃ
783 3031 940 3085 codd
1070 3037 1136 3085 13
1173 3032 1271 3087 τὸν
1309 3032 1372 3099 Β,
1407 3033 1544 3085 mut.
1574 3032 1634 3084 in
1669 3033 1733 3086 τὸ
1770 3031 1845 3084 Β8
1932 3035 2094 3087 λῦσαι
2129 3033 2250 3088 MV

337 3106 543 3174 μεσηγὺ
578 3087 1125 3172 Β,ῑῐ1111ῑ.ἰῑιὴίσει
1160 3101 1248 3168 Β8,
1287 3100 1471 3172 ἡμίσει
1507 3102 1627 3156 MV
1736 3108 1803 3156 14
1838 3103 2058 3172 πρόσθε
2094 3103 2155 3158 M

231 3177 364 3228 ante
399 3193 581 3245 μετεπ.
621 3174 749 3228 add.
788 3175 886 3228 καὶ
921 3195 958 3227 οι
996 3177 1095 3237 khg-
1136 3188 1262 3239 rec,
1303 3191 1408 3228 om.
1437 3172 1615 3227 BMV
1713 3124 1926 3229 δίαιται
1966 3174 2026 3227 Μ
2121 3194 2249 3231 του-

228 3244 437 3301 τέοισιν
483 3245 642 3300 codd.
727 3240 839 3299 οῖσι
870 3243 990 3297 ΒΜ
1134 3249 1200 3297 15
1248 3243 1449 3317 ἐξίσχει
1494 3244 1553 3297 Μ
1697 3251 1763 3299 16
1802 3244 1989 3315 ἀρκέει
2018 3246 2176 3300 codd.

233 3318 366 3370 anize
403 3315 636 3373 ἑνδεέστ.
677 3332 745 3370 ex
780 3316 932 3370 Parr.
963 3331 1069 3369 rec.
1102 3333 1134 3369 ο·
1134 3314 1335 3385 μικρόν
1369 3336 1442 3382 τι,
1477 3317 1576 3370 καὶ
1611 3315 1719 3386 γὰρ
1757 3317 1885 3371 add.
1915 3317 2013 3385 Pq.
2102 3314 2249 3372 δῖαι-

227 3406 338 3443 ταν
374 3387 433 3440 Μ
594 3392 660 3441 17
697 3385 810 3456 ἠδη
846 3402 946 3456 pro
985 3386 1055 3456 δὴ
1093 3337 1213 3441 Gal.
1245 3403 1438 3440 comm.
1532 3387 1692 3442 ἐλλιν.
1731 3386 1783 3442 V
1864 3386 2092 3457 ὄψοισιν
2129 3387 2180 3441 V

234 3456 518 3513 ἁπλοῦσιΒ
576 3463 649 3512 18
665 3457 746 3512 ὃς.
764 3458 924 3512 codd.
935 3456 1382 3548 παρασχησηΒ,
1396 3456 1933 3547 παράσᾌησιφᾮ)
1867 3457 1987 3511 MV
2055 3461 2126 3509 20
2154 3455 2248 3509 ου-

234 3529 398 3592 τωςΒ
499 3536 583 3584 21.
625 3527 801 3584 ωστε.
881 3572 891 3583 .
924 3527 1058 3583 ὥστε
1094 3533 1255 3598 μό8,
1280 3534 1307 3580 1
1348 3527 1527 3594 codd„
1567 3549 1640 3591 ως
1672 3547 1773 3582 τε.
1851 3525 1967 3588 ,ως
1999 3543 2059 3579 τε
2100 3521 2244 3575 Erm.
