2588 3876
361 135 490 185 XIV
1153 132 1577 185 PRAEFATIO.

360 320 428 360 ex
466 300 856 359 similitudine
893 302 1222 358 ceterarum
1246 302 1312 358 in
1349 321 1493 360 -εων
1529 302 1590 358 et
1625 320 1754 372 -εας
1790 299 2184 377 desinentium
2219 299 2391 360 fictas

360 407 500 449 esse.
594 388 689 447 Sit
741 391 853 449 hoc
906 409 1139 463 verum,
1202 408 1312 467 ego
1366 390 1519 448 hanc
1572 389 1720 447 mihi
1773 389 1967 467 legem
2020 388 2391 449 scribendam

361 497 486 538 esse
553 479 909 553 existimavi,
973 480 1047 536 ut
1101 480 1451 555 reperirem,
1514 497 1632 554 quo
1697 479 2057 553 optimorum
2121 478 2392 538 codicum

361 570 685 626 auctoritas
738 568 993 627 maxime
1047 570 1334 644 vergeret.
1434 567 1910 627 Pseudionismos
1965 569 2177 643 igitur,
2241 586 2392 643 quos

360 657 603 731 vocant,
656 656 761 715 ubi
806 658 951 716 satis
1000 657 1193 715 multa
1219 658 1491 732 ‘vestigia
1535 658 1662 715 veri
1707 655 2103 732 apparebant,
2158 654 2391 731 sustuli,

361 746 528 805 velut
564 701 998 847 domugatioms
1036 745 1175 804 illas
1212 745 1605 821 corruptelaS,
1652 764 1804 821 quae
1841 748 1980 804 sunt
2015 741 2181 823 -έειν,
2228 742 2390 824 -ἑεις,

360 832 498 912 -έει,
555 855 668 912 -εε,
733 837 1018 909 quoniam
1069 836 1134 892 in
1187 835 1425 912 vulgari
1479 834 1653 911 copia
1704 834 1847 893 falsi
1902 837 2169 894 sescenta
2222 834 2392 893 testi-

360 924 562 983 monia
614 924 737 981 veri
791 943 861 982 ex
913 923 1257 983 melioribus
1305 923 1602 983 codicibus
1647 923 1823 982 facile
1870 924 2167 1000 quispiam
2212 924 2390 982 colle·

362 1014 544 1091 gerit,
607 1014 754 1088 quin
818 1014 1000 1072 etiam
1053 1011 1529 1072 Vindobonensis
1591 1013 1696 1071 ille
1761 1012 2209 1088 antiquissimus
2271 1015 2392 1071 nisi

362 1104 695 1162 contractas
750 1102 970 1159 formas
1029 1101 1224 1161 nullas
1279 1104 1450 1179 gerit.
1544 1100 1661 1160 Sed
1713 1102 1989 1176 stirpium
2041 1102 2105 1159 in
2158 1121 2248 1172 -ες
2294 1121 2388 1160 ex-

363 1192 629 1251 euntium
684 1191 919 1266 syllaba
971 1211 1083 1262 -εις
1138 1210 1209 1249 ex
1263 1211 1379 1261 -εες
1433 1192 1740 1250 contracta
1791 1210 1898 1267 per
1951 1208 2153 1249 omnes
2211 1191 2391 1249 huius

359 1280 678 1339 voluminis
738 1279 920 1338 libros
980 1298 1100 1338 11011
1145 1280 1279 1355 plus
1340 1282 1432 1338 ter
1491 1280 1742 1357 singulis
1799 1279 2097 1339 codicibus
2154 1278 2390 1338 exhibe-

360 1372 485 1428 tur:
529 1388 588 1444 p.
629 1370 731 1443 99,
774 1370 852 1427 17
910 1367 1252 1447 λιγνυώδεις
1306 1368 1371 1426 Μ
1423 1369 1488 1426 111
1538 1368 1734 1428 forma
1789 1370 2029 1428 omnino
2092 1385 2391 1444 perversa,

368 1459 514 1532 156,
558 1459 635 1515 11
704 1456 1017 1538 νευρώὸεις
1060 1457 1141 1533 Β,
1210 1459 1356 1526 170,
1400 1460 1433 1516 1
1492 1477 1796 1538 προπετεις
1849 1457 1917 1515 Β.
2017 1456 2175 1516 Nam
2232 1457 2392 1533 quod

365 1549 512 1622 259,
556 1549 592 1604 3
659 1545 1028 1618 στολιὸώὸεις
1091 1564 1292 1606 01111103
1359 1546 1585 1606 codices
1650 1548 1875 1620 ferunt,
1940 1549 2221 1621 quoniam
2282 1565 2392 1622 per

360 1636 717 1695 Mochlicum
772 1636 999 1695 formae
1054 1638 1274 1694 atticae
1336 1636 1660 1695 insolenter
1722 1638 2070 1713 grassantur
2083 1680 2098 1709 ,
2162 1635 2388 1694 nullius

360 1725 647 1784 momenti
693 1727 797 1783 est.
888 1724 1053 1784 Haec
1096 1726 1285 1802 igitur
1329 1726 1673 1784 testimonia
1715 1744 1836 1784 non
1881 1727 2122 1784 tantum
2165 1723 2390 1798 valent,

361 1817 431 1873 ut
476 1832 682 1873 eorum
726 1814 923 1891 gratia
957 1835 1071 1885 -εις
1106 1814 1551 1873 introduxerim.
1624 1814 1782 1873 Nam
1820 1813 2022 1873 eodem
2058 1814 2203 1887 iure,
2251 1831 2390 1871 cum

360 1924 417 1980 p
451 1904 553 1978 35,
592 1904 627 1962 9
675 1901 961 1981 κατάντη,
1027 1903 1253 1979 35,1Ο
1299 1899 1521 1982 ἀπόξη,
1587 1904 1691 1979 43,
1729 1904 1769 1963 4
1814 1901 2092 1980 κατάντη,
2160 1903 2307 1977 243,
2349 1904 2385 1961 7

361 1991 584 2072 ροιώὸη
631 2010 833 2052 01111103
879 1992 1107 2052 codices
1152 1994 1376 2067 ferant,
1430 1993 1566 2051 inde
1613 1995 1728 2067 sic,
1783 2012 1902 2053 non
1946 1991 2231 2051 κατάντεα
2276 1995 2394 2051 cet

362 2081 615 2159 legenda
651 2100 774 2141 esse
821 2083 953 2158 quis
992 2079 1527 2141 demonstraverit?
1598 2082 1916 2158 Utcunque
1951 2100 2046 2140 res
2092 2099 2156 2140 se
2188 2081 2392 2156 habet,

363 2171 808 2245 antiquissimas
852 2171 990 2230 illas
1036 2172 1257 2230 formas
1308 2189 1431 2230 esse
1478 2171 1651 2230 docet
1691 2172 1835 2245 184,
1866 2172 1903 2230 3
1952 2166 2230 2251 ακρατέρς
2275 2190 2386 2246 pro

358 2256 634 2340 ἀκρατέες
678 2259 746 2317 Β.
829 2260 1021 2334 Idem,
1060 2260 1218 2336 quod
1255 2260 1328 2319 de
1372 2260 1580 2319 formis
1624 2261 1690 2317 111
1734 2281 1852 2331 -εες
1898 2258 2266 2333 exeuntibus,
2313 2259 2389 2319 de

361 2350 570 2425 psilosi
617 2367 768 2424 quae
814 2351 1060 2408 vocatur
1107 2350 1315 2408 senti0.
1397 2348 1597 2418 Unum
1645 2349 1919 2424 praebuit
1964 2347 2296 2423 exemplum
2334 2349 2388 2407 B

361 2432 467 2497 ἀπ’
511 2436 642 2498 ὅτευ
688 2457 745 2513 p.
779 2438 881 2513 50,
913 2439 981 2512 9,
1026 2438 1122 2497 0111
1169 2439 1425 2497 alterum
1468 2439 1597 2513 ipse
1635 2438 1837 2497 addidi
1870 2458 1929 2514 p.
1957 2440 2064 2511 49,
2095 2439 2194 2496 14.
2270 2436 2391 2496 Sed

361 2528 537 2604 plura
589 2529 905 2585 immutare
960 2526 1056 2585 vel
1110 2547 1344 2585 omnem
1399 2528 1823 2602 aspirationem
1876 2527 2087 2586 tollere
2139 2526 2203 2583 in
2258 2529 2390 2587 tam

362 2617 610 2676 exilibus
655 2617 924 2692 vestigiis
969 2633 1089 2674 non
1135 2634 1312 2675 ausus
1360 2635 1505 2675 sum.

494 2706 730 2779 Restat,
757 2708 830 2763 ut
855 2706 966 2779 013,
995 2706 1101 2779 qui
1126 2706 1188 2762 in
1217 2706 1330 2764 hoc
1357 2723 1532 2781 opere
1561 2723 1909 2764 aerumnoso
1940 2706 2000 2764 et
2027 2705 2390 2764 auctoritate

361 2793 986 2870 commendationeque
1014 2796 1074 2852 et
1101 2795 1348 2853 consilio
1377 2813 1673 2870 operaque
1699 2814 1793 2853 me
1822 2794 2196 2869 adiuverunt,
2224 2794 2390 2853 debi-
2497 2799 2504 2806 “

360 2887 489 2942 tam
533 2884 792 2959 gratiam
833 2884 1102 2945 referam.
1185 2882 1314 2952 Quo
1362 2903 1432 2942 ex
1476 2901 1719 2942 numero
1765 2883 2175 2943 Hermannum
2216 2883 2387 2942 Diels

361 2972 823 3046 Berolinensem,
859 2972 1143 3032 Ioannem
1168 2971 1370 3050 Ilberg
1404 2972 1791 3049 Lipsiensem,
1825 2972 2142 3050 Hugonem
2175 2971 2391 3031 Weber
2504 3010 2510 3017 -

361 3060 794 3119 Vimariensem
840 3063 1013 3138 grato
1058 3061 1275 3137 pioque
1322 3062 1521 3120 animo
1566 3081 1858 3139 nuncupo.

499 3183 723 3261 Scripsi
767 3184 965 3243 Kih'ae
1009 3203 1208 3245 mense
1253 3186 1473 3245 Martio
1519 3184 1911 3246 MDCCCCII.
