2588 3876
860 169 1021 227 KAT'
1064 174 1408 225 IHTPEION
1446 176 1529 224 24.
1562 176 1629 224 25
1963 190 1969 195 ⁴
2161 170 2247 234 45

214 334 516 417 μάλιστα
570 333 945 418 πεπιέχθαι·
1010 333 1404 400 ὑποτιθέναι
1453 330 1579 400 οὖν
1626 335 1836 420 εἴριον
1899 333 2250 417 μαλθακὸν

217 439 523 524 ἁρμόζον
565 448 656 528 τῷ
700 442 930 507 πάθει·
978 439 1233 506 ἐπιδεῖν
1279 440 1355 506 δὲ
1398 443 1487 526 μὴ
1530 446 1785 522 μᾶλλον
1819 443 2163 519 πιεζεῦντα
2206 438 2247 523 ἢ

216 548 388 613 ὥστε
435 550 598 624 τοὺς
644 549 994 632 σφυγμοὺς
1036 548 1125 631 μὴ
1172 546 1453 612 ἐνσείειν
1497 543 1663 632 μηδὲ
1707 550 1962 628 μᾶλλον
1997 546 2038 631 ἢ
2084 547 2250 612 ὥστε

214 663 353 719 τῶν
413 656 865 738 διεστηκότων
909 656 987 719 τὰ
1032 657 1271 739 ἔσχατα
1316 663 1451 718 τῶν
1496 653 1832 740 ἁρμονιῶν
1876 654 2252 738 συμψαύειν

217 759 560 845 ἀλλήλων,
607 761 789 846 ’μηδὲ
856 762 970 838 τὰς
1026 763 1232 845 βῆχας
1300 758 1407 825 καὶ
1467 763 1623 837 τοὺς
1687 762 2028 845 πταρμοὺς
2086 759 2250 824 ὥστε

215 869 535 951 κωλύειν,
596 865 733 934 ἀλλ’
790 869 956 933 ὥστε
1009 867 1468 952 ἀποστήριγμα
1521 862 1694 932 εἶναι
1751 868 1841 945 ὡς
1897 869 2055 950 μήτε
2110 866 2251 930 δια-

214 974 627 1058 ναγκοὶζηται
672 974 833 1057 μήτε
879 972 1223 1056 ἐνσείηται.

363 1172 394 1218 1
434 1165 682 1235 μάλιστα
719 1169 810 1221 δεῖ
841 1181 941 1234 pro
976 1165 1047 1219 τὰ
1084 1162 1208 1234 σίνη
1247 1164 1369 1235 μάλ.
1409 1165 1460 1219 V
1557 1164 1845 1237 πεπιέχθω
1882 1165 2026 1218 th..
2114 1165 2253 1219 ὑπο-

214 1270 455 1342 τίκθεμεν
495 1272 564 1337 Β,
601 1270 867 1335 ὑπότινος
901 1270 953 1325 V
1041 1257 1274 1341 οἷ’)ἥριον
1310 1273 1376 1340 Β,
1413 1290 1482 1326 ss.
1511 1272 1587 1325 B³
1670 1269 1774 1328 οὖν
1810 1290 1915 1328 om.
1947 1271 1998 1325 V
2078 1271 2252 1338 εἴριον

216 1361 323 1398 om.
364 1346 429 1398 et
465 1345 604 1413 post
639 1346 807 1413 μαλθ.
848 1343 975 1397 add.
1013 1362 1067 1396 τι
1103 1342 1163 1396 Μ
1199 1343 1332 1398 Litt.
1370 1344 1468 1412 Pq.
1615 1350 1646 1398 2
1685 1344 1748 1400 δὲ
1784 1361 1890 1398 om.
1920 1343 1971 1398 V
2053 1340 2087 1412 ἦ
2125 1344 2255 1413 post

216 1419 354 1481 πιεζ.
377 1432 494 1469 om.
519 1414 683 1469 codd.
758 1420 807 1468 2.
830 1420 861 1468 3
900 1411 935 1484 ἢ
966 1412 1024 1468 ὥ.
1046 1413 1379 1468 Gal.oomm.
1401 1420 1520 1480 924,
1551 1415 1697 1485 vulg.
1773 1421 1805 1468 3
1844 1412 2159 1471 ἐνσείεσθαι
2195 1414 2254 1466 Μ

363 1492 516 1540 3-6
559 1482 892 1552 ἐνάείεσθαι,
927 1484 1066 1539 ἀλλὰ
1090 1485 1192 1548 τὰς
1223 1484 1550 1549 διαστάσιας
1583 1495 1695 1540 τῶν
1733 1484 2015 1555 ἁρμονίων
2044 1485 2253 1556 ψαύειν

218 1557 288 1611 τὰ
326 1558 444 1629 ἔσχ.
485 1556 762 1625 ἀλλήλων·
803 1556 936 1626 μήτε
971 1557 1117 1626 ἀμφὶ
1152 1565 1296 1610 τοῖσι
1330 1565 1628 1625 πταρμοῖσι
1664 1557 1762 1611 καὶ
1792 1556 1975 1628 βηξίν·
2016 1558 2254 1611 ἄλλωστε

220 1664 417 1718 ἀποστ.
459 1663 527 1716 Μ
648 1668 680 1715 6
717 1664 814 1718 καὶ
849 1679 950 1732 pro
988 1663 1063 1726 ὡς
1097 1662 1157 1715 M
1274 1669 1305 1716 7
1342 1659 1555 1731 σείηται
1592 1662 1657 1729 V,
1728 1647 1944 1731 gantae,
1978 1662 2040 1728 B,
2080 1680 2149 1715 ss.
2180 1662 2254 1715 B²

369 1737 465 1788 ost
515 1732 797 1803 ἐνσείηται
833 1734 988 1787 αάᾱ.ε
1036 1733 1241 1789 ὀστέων
1278 1733 1468 1802 φύσις·
1514 1733 1799 1790 δακτύλων
1834 1732 1935 1803 μὲν
1972 1733 2122 1787 ἁπλᾶ
2159 1734 2256 1786 καὶ

223 1804 317 1860 ὀστ
348 1828 387 1859 α
426 1806 536 1860 καὶ
572 1804 766 1873 ἄρθρα
801 1804 909 1858 BV
944 1805 1087 1876 (init.
1125 1804 1408 1874 Mochlici)
