2588 3876
727 142 900 191 11EP1
938 140 1227 193 ΑΡΘΡΩΝ
1262 141 1622 192 ΕΜΒοΛΗΣ
1660 144 1728 192 30
2110 140 2233 203 147

215 298 328 365 καὶ
374 301 547 366 διότι
593 302 836 386 πληγαὶ
872 304 1119 388 καίριοι
1164 303 1276 367 καὶ
1313 311 1636 386 καροῦσαι
1675 302 1748 367 αἰ
1778 305 2241 388 κροταφίτιδες

211 411 550 492 γίνονται,
609 407 682 473 ἐν
736 409 911 496 ἄλλῳ
968 410 1142 497 λόγῳ
1207 410 1566 494 εἰρήσεται·
1630 409 1782 494 περὶ
1838 405 1912 475 δὲ
1974 418 2094 474 τοῦ
2149 411 2236 493 μὴ

208 515 418 601 κάρτα
466 512 819 601 ἐξαρθρεῖν
873 515 1030 580 τάδε
1084 521 1289 581 αἴτια·
1356 521 1572 581 αἴτιον
1627 512 1701 580 δὲ
1745 516 1856 580 καὶ
1900 516 2079 600 τόδε,
2135 516 2237 580 ὅτι

210 622 293 687 οὐ
340 622 517 707 μάλα
562 622 1140 706 καταλαμβάνουσι
1184 631 1485 688 τοιαῦται
1531 622 1811 706 ἀνάγκαι
1848 623 2236 709 βρωμάτων,

209 730 379 795 ὥστε
443 730 564 794 τὸν
626 730 992 814 ἄνθρωπον
1052 739 1281 814 χανεῖν
1343 727 1537 811 μέζον
1600 729 1640 813 ἢ
1706 729 1867 794 ὅσον
1930 730 2234 795 δύναται·
2290 756 2315 796 5

205 835 475 902 ἐκπέσοι
524 834 585 900 δ’
630 834 715 900 ἂν
762 833 869 899 ἀπ’
917 835 1193 912 οὐδενὸς
1239 836 1445 901 ἄλλου
1485 838 1811 920 σχήματος
1856 836 1896 920 ἢ
1942 835 2069 901 ἀπὸ
2116 844 2236 901 τοῦ

201 942 374 1027 μέγα
410 944 701 1028 χανόντα
736 952 1147 1027 παραγαγεῖν
1183 943 1308 1026 τὴν
1333 941 1542 1026 γε’νυν
1569 940 1676 1007 ἐπὶ
1703 942 1972 1028 θάτερα.
2034 959 2238 1027 προσ-

205 1050 657 1134 συμβάλλεται
702 1047 929 1131 μέντοι
981 1050 1091 1113 καὶ
1146 1050 1298 1114 τόδε
1342 1050 1510 1134 πρὸς
1563 1049 1637 1113 τὸ
1683 1047 2049 1114 ἐκπίπτειν·
2115 1049 2237 1114 ὅσα

201 1158 331 1244 γὰρ
399 1165 610 1241 νεῦρα
671 1155 783 1220 καὶ
837 1155 983 1221 ὅσοι
1045 1156 1206 1237 μύες
1267 1157 1444 1241 παρὰ
1504 1156 1727 1241 ἄρθρα
1786 1152 1960 1220 εἰσὶν
2013 1156 2054 1240 ἢ
2109 1155 2234 1219 ἀπὸ

203 1264 489 1349 ἄρθρων
527 1260 640 1346 ἀφ’
689 1255 784 1326 ὧν
821 1260 1285 1346 συνδέδενται,
1329 1262 1587 1327 τούτων
1624 1261 1745 1327 ὅσα
1783 1260 1857 1327 ἐν
1891 1271 1970 1347 τῇ
2006 1262 2234 1346 χρήσει
2263 1290 2315 1330 10

200 1370 589 1444 πλειστάκις
635 1370 1058 1451 διακινεῖται,
1118 1377 1325 1433 ταῦτα
1379 1368 1491 1433 καὶ
1550 1366 1616 1445 ἐς
1670 1370 1785 1445 τὰς
1846 1369 2238 1445 κατατάσιας

203 1476 640 1541 δυνατώτατα
704 1473 1106 1559 ἐπιδιδόναι,
1181 1474 1399 1560 ὥσπερ
1464 1476 1574 1540 καὶ
1645 1476 1725 1539 τὰ
1798 1474 2086 1561 δέρματα
2156 1476 2236 1541 τὰ

203 1583 702 1666 εὐδεψητότατα
746 1584 1064 1666 πλείστην
1111 1579 1417 1646 ἐπίδοσιν
1462 1584 1611 1665 ἔχει.
1701 1582 1853 1667 περὶ
1898 1576 1980 1647 οὗ
2025 1576 2152 1648 οὖν
2197 1582 2232 1647 ὁ

198 1692 431 1774 λόγος,
497 1686 790 1753 ἐκπίπτει
844 1688 966 1769 μὲν
1019 1688 1276 1771 γνάθος
1333 1687 1656 1771 ὀλιγάκις,
1722 1697 1953 1772 σχᾶται
2008 1687 2233 1770 μέντοι

200 1796 526 1871 πολλάκις
565 1792 640 1859 ἐν
671 1791 678 1880 l
710 1795 1015 1880 χάσμῃσι,
1053 1794 1142 1871 ὡς
1177 1793 1289 1859 καὶ
1327 1795 1519 1858 ἄλλαι
1554 1794 1793 1858 πολλαὶ
1828 1806 2018 1875 μυῶν
2051 1816 2214 1878 παρ·
2237 1811 2339 1859 144

203 1901 493 1987 αλλαγαὶ
537 1901 648 1967 καὶ
693 1901 955 1988 νεύρων
998 1910 1195 1968 τοῦτο
1243 1899 1606 1967 ποιέουσιν.
1699 1902 1906 1983 δῆλον
1949 1897 2071 1983 μὲν
2107 1894 2233 1967 οὖν
2260 1929 2312 1970 16

202 2010 465 2074 τοισίδε
520 2008 798 2090 μάλιστά
862 2006 1072 2091 ἐστιν,
1137 2008 1300 2073 ὅταν
1364 2006 1764 2093 ἐκπεπτώκῃ·
1836 2011 2138 2094 προΐσχει
2191 2008 2231 2091 ἡ

200 2117 381 2182 κάτω
432 2115 689 2200 γνάθος
744 2113 811 2191 ἐς
862 2116 1333 2200 τοῦμπροσθεν
1386 2116 1495 2180 καὶ
1549 2124 1872 2201 παρῆκται
1918 2115 2233 2181 τάναντία

352 2314 379 2362 1
437 2308 736 2376 καιροῦσαῐ
774 2308 834 2363 αἱ
871 2329 956 2377 κρ.
995 2308 1066 2375 Β,
1123 2316 1423 2376 καιροῦσαι
1459 2307 1602 2374 MV,
1661 2325 1873 2376 καρουσ
1911 2307 1972 2362 αἱ
2010 2328 2065 2362 οι
2100 2328 2229 2379 κρο-

199 2399 606 2449 τατφιταιμκυες
653 2378 795 2451 γίγν.
838 2384 890 2433 Γ
1066 2384 1097 2431 2
1149 2377 1260 2448 γέν.
1300 2379 1346 2431 Β
1456 2381 1588 2432 ante
1626 2379 1687 2433 ἐν
1734 2379 1863 2433 add.
1903 2379 2001 2433 καὶ
2036 2378 2088 2432 V

201 2458 234 2505 3
274 2449 607 2519 ἐξαρθρέειν
645 2451 805 2506 codd.
917 2452 1050 2504 ante
1087 2449 1240 2504 αἴτια
1277 2450 1406 2503 add.
1454 2449 1525 2503 τὰ
1560 2449 1788 2515 B²MV,
1846 2467 1951 2504 om.
1991 2449 2129 2502 B¹P

200 2531 234 2577 4
290 2522 823 2593 καταλαμβάνουσιν
862 2526 916 2575 Γ
1089 2526 1121 2574 ὅ
1177 2518 1372 2592 χάνειν
1418 2520 1488 2586 Β,
1547 2518 1686 2576 -έειν
1725 2520 1867 2586 MV,
1925 2517 2143 2590 χαίνειν
2182 2525 2234 2573 Γ

320 2591 551 2662 μείζονα
582 2624 592 2634 ·
622 2611 794 2662 ησσον
833 2598 883 2649 δ.
933 2597 987 2646 Γ
1126 2597 1155 2644 7
1212 2590 1490 2661 παράγειν
1536 2591 1655 2657 ΒΓ,
1713 2590 1972 2662 μετάγειν
2015 2591 2120 2659 Ap.

205 2670 250 2719 7.
283 2670 318 2718 8
358 2666 633 2736 προσυμβ.
674 2665 795 2735 (sic)
828 2706 838 2716 .
872 2707 927 2727 .,.
959 2660 1175 2719 ἐκπίπτ.
1213 2665 1279 2716 ut
1318 2662 1519 2716 Galeni
1554 2662 1724 2716 verba
1762 2661 2030 2716 describit
2067 2665 2120 2716 Γ

201 2739 263 2791 δε
311 2755 406 2789 τοι
450 2752 551 2804 pro
600 2734 789 2805 μέντοι
827 2740 881 2789 Γ
981 2734 1110 2790 τόδε
1154 2734 1296 2801 πρὸς
1342 2750 1446 2786 om.
1497 2738 1549 2786 Γ
1660 2731 1763 2788 ὅσα
1808 2733 1999 2802 BAp.‚
2054 2730 2227 2788 ὁκόσα

202 2806 330 2861 ΜΨ
478 2812 509 2859 9
550 2806 742 2861 ὁκόσοι
779 2806 924 2873 ΜΨ,
964 2804 1086 2861 ὅσοι
1121 2806 1194 2871 Β,
1232 2821 1340 2858 om.
1379 2804 1485 2873 Ap.
1595 2813 1728 2875 μῦες
1762 2804 1814 2858 V
1922 2806 2054 2859 ante
2090 2805 2224 2872 ἀρθ.

201 2879 335 2932 add.
375 2876 447 2931 τὰ
483 2876 535 2930 V
653 2878 802 2935 ἐστὶν
838 2878 943 2947 Ap.
1092 2882 1158 2931 10
1214 2877 1369 2941 ξυνδ.
1407 2875 1549 2943 ΒΜ,
1605 2874 1862 2931 δέδενται
1898 2875 1975 2943 V,
2031 2875 2227 2933 συνδέ-

200 2952 365 3005 δεται
401 2948 506 3018 Ap.
646 2955 709 3003 11
752 2946 1093 3006 διακινέεται
1129 2947 1287 3000 codd.
1391 2946 1780 3015 καταστάσηας
1814 2947 1866 3001 V
1976 2953 2040 3000 12
2080 2948 2223 3002 ἐπιδ.

200 3021 451 3077 δύναται
485 3037 586 3089 pro
624 3024 748 3076 δυν.
787 3021 931 3076 ἐπιδ.
970 3020 1075 3088 Ap.
1169 3019 1242 3082 ὡς
1280 3023 1333 3071 Γ
1472 3024 1538 3070 13
1577 3017 1925 3088 εὐδεψητότα
1961 3020 2225 3089 B¹PAp.‚

199 3114 270 3147 τα
313 3108 385 3145 ss.
425 3091 501 3144 B⁸
597 3091 727 3161 περὶ
756 3134 769 3146 .
801 3135 813 3145 .
846 3133 856 3144 .
887 3089 1049 3162 λόγος
1094 3107 1199 3144 om.
1240 3094 1294 3143 Γ
1452 3094 1519 3142 14
1566 3090 1792 3161 ἔσχαται
1827 3089 1948 3149 ΜΨ
2055 3108 2227 3163 σχ.-

199 3165 356 3218 πολλ.
398 3179 507 3218 om.
544 3164 649 3231 Ap.
835 3168 901 3216 15
955 3161 1198 3234 χάσμασι
1233 3162 1369 3215 mut.
1409 3160 1471 3213 in
1518 3178 1628 3215 -σει
1672 3161 1745 3228 Β,
1800 3177 1907 3232 χασ
1947 3161 2067 3230 ήσει
2101 3162 2225 3231 Ap.‚

201 3235 449 3306 χάσμησι
486 3234 656 3302 ΜῙΓ,
709 3256 770 3290 -ν
806 3233 954 3288 VM²
1081 3231 1262 3300 ὥσπερ
1310 3230 1431 3285 MV
1555 3232 1629 3294 ὡς
1660 3274 1669 3283 .
1704 3274 1714 3285 .
1749 3274 1759 3284 .
1788 3250 1889 3286 ποι
1919 3251 2078 3287 ουσιν
2115 3250 2220 3286 om.

198 3309 308 3376 Ap.
421 3304 483 3359 αἱ
518 3322 620 3374 pro
657 3307 756 3360 καὶ
791 3305 915 3361 Gal.
950 3305 1012 3358 in
1048 3304 1140 3357 cit.
1179 3321 1233 3373 p.
1264 3308 1368 3356 437
1477 3303 1677 3356 πολλαὶ
1711 3303 1842 3370 ΒΓ,
1881 3321 1985 3358 om.
2023 3302 2144 3357 MV

204 3384 271 3430 16
311 3374 569 3431 ποιέουσι
604 3376 724 3430 MV
832 3376 895 3432 δὲ
930 3393 1032 3445 pro
1070 3374 1170 3444 μὲν
1209 3370 1309 3428 οὖν
1347 3372 1466 3426 MV
1637 3379 1704 3426 17
1753 3374 1814 3428 ἐκ
1850 3376 2026 3430 τῶνδε
2060 3373 2123 3439 Β,
2163 3373 2223 3427 ἐκ

202 3448 331 3502 add.
372 3448 463 3515 B³‚
501 3456 647 3502 τοῖσι
682 3447 744 3503 δὲ
772 3447 908 3513 ΜΨ,
945 3448 1127 3510 τοῖςδε
1164 3445 1325 3514 PAp.
1401 3443 1742 3499 ἐκπεπτώκει
1777 3444 1897 3499 MV
1968 3441 2222 3511 προίσχε-

203 3540 297 3573 ται
333 3519 440 3590 γὰρ
480 3519 714 3588 MVAp.
860 3525 926 3575 18
967 3515 1195 3574 ἐναντία
1231 3517 1355 3585 Ap.,
1394 3512 1632 3569 τααντία
1670 3519 1724 3569 Γ

1804 3603 1906 3653 10*
