2588 3876
329 118 416 183 42
832 116 995 173 KAT’
1035 121 1380 173 IHTPEION
1421 124 1501 173 18.
1535 124 1616 174 19.
1646 123 1730 173 20.
1762 123 1827 172 21

327 280 578 367 ἡμέρην
621 282 869 365 ταύτην
911 279 1021 346 καὶ
1065 283 1276 347 νύκτα
1319 282 1521 369 ὀλίγῳ
1563 286 1839 366 μᾶλλον,
1884 284 2007 366 τὴν
2053 279 2111 346 δ’
2157 279 2347 347 ὑστέ-

329 411 457 472 ρην
497 382 734 469 ἧσσον·
778 390 965 474 τρίτῃ
1010 388 1281 473 χαλαρά.
1363 388 1701 473 εὑρεθήτω
1749 388 1826 454 δὲ
1867 397 1946 476 τῇ
1990 385 2116 473 μὲν
2156 388 2346 455 ὑστε-

327 497 482 579 ραίῃ
528 491 603 558 ἐν
647 494 872 578 ἄκροις
917 493 1158 578 οἴδημα
1202 497 1569 578 μαλθακόν.
1641 504 1720 581 τῇ
1756 499 1945 586 τρίτῃ
1981 492 2057 560 δὲ
2089 498 2168 561 τὸ
2208 495 2349 561 έπι-

224 619 328 668 824
349 600 553 665 δεθὲν
602 600 817 666 λυθὲν
872 601 1279 685 ἰσχνότερον·
1332 602 1511 685 παρὰ
1553 602 1767 678 πάσας
1809 603 1924 678 τὰς
1964 602 1974 685 Ι
2014 601 2348 680 έπιδέσιας

278 716 302 758 ⁶
329 715 546 772 τοῦτο.
635 716 713 793 τῇ
761 705 819 771 δ’
865 706 1174 793 ὑστεραίῃ
1230 706 1546 792 ἐπιδέσει,
1599 707 1685 792 ἢν
1731 709 2000 785 δικαίως
2054 707 2349 774 ἐπιδεδε-

329 812 535 898 μένον
579 821 780 899 φανῇ,
824 821 1073 896 μαθεῖν
1118 816 1237 879 δεῖ.
1311 814 1630 880 ἐντεῦθεν
1675 815 1749 880 δὲ
1784 820 2039 896 μᾶλλον
2081 814 2194 880 καὶ
2241 815 2349 880 ἐπὶ

330 918 563 985 πλέοσι
625 923 979 1005 πιεχθήτω.
1068 931 1146 1007 τῇ
1211 917 1286 986 δὲ
1343 923 1528 1008 τρίτῃ
1594 918 1702 986 ἐπὶ
1759 925 2015 1006 μᾶλλον
2071 920 2179 987 καὶ
2241 920 2349 988 ἐπὶ

330 1026 579 1093 πλέοσι.
669 1037 747 1113 τῇ
806 1026 865 1092 δ’
920 1026 1164 1113 ἑβδόμῃ
1213 1026 1342 1092 άπὸ
1389 1036 1503 1111 τῆς
1555 1027 1819 1114 πρώτης
1871 1027 2201 1106 ἐπιδέσιος
2234 1033 2351 1094 λυ-

332 1132 542 1200 θέντα
587 1134 926 1220 εὑρεθήτω
975 1135 1187 1218 ἰσχνά,
1231 1136 1486 1219 χαλαρὰ
1530 1136 1609 1199 τὰ
1654 1133 1867 1200 ὀστέα.
1959 1134 2025 1212 ἐς
2071 1132 2145 1200 δὲ
2190 1136 2350 1220 νάρ-

254 1251 306 1290 1⁰
332 1247 548 1324 θηκας
593 1239 897 1324 δεθέντα,
943 1240 1029 1325 ἢν
1075 1241 1268 1324 ἰσχνὰ
1313 1237 1423 1305 καὶ
1468 1241 1768 1324 ἄκνησμα
1811 1239 1923 1306 καὶ
1969 1240 2243 1307 ἀνέλκεα
2287 1234 2349 1329 ᾖ,

333 1347 452 1413 ἐᾶν
494 1346 722 1433 μέχρις
764 1352 975 1412 εἴκοσι
1028 1344 1324 1433 ἡμερέων
1370 1345 1498 1411 ἀπὸ
1543 1356 1665 1412 τοῦ
1711 1349 1946 1424 σίνεος.
2034 1347 2120 1432 ἢν
2165 1347 2245 1414 δέ
2285 1371 2350 1413 τι

329 1454 808 1538 ὑποπτεύηται,
872 1459 1069 1518 λῦσαι
1130 1452 1206 1519 έν
1267 1451 1463 1540 μέσῳ.
1552 1453 1893 1538 νάρθηκας
1956 1454 2068 1518 διὰ
2128 1458 2354 1539 τρίτης

331 1560 630 1648 ἐρείδειν.

469 1667 569 1731 19.
608 1664 699 1731 Ἡ
728 1666 1071 1751 ἀνάληψις,
1101 1664 1140 1748 ἡ
1177 1665 1388 1750 θέσις,
1415 1667 1456 1750 ἡ
1488 1664 1776 1743 ἐπίδεσις
1811 1667 1900 1743 ὡς
1936 1666 2011 1732 έν
2044 1674 2135 1754 τῷ
2172 1667 2352 1754 αὐτῷ

254 1780 304 1822 1⁵
334 1777 609 1859 σχήματι
668 1765 738 1861 ᾖ,
795 1773 1298 1858 διαφυλάσσειν.
1385 1773 1709 1858 κεφάλαια
1768 1774 2115 1858 σχημάτων
2171 1777 2355 1857 ἕθεα,

334 1882 569 1966 φύσιες
615 1877 890 1945 ἑκάστου
937 1889 1073 1945 τῶν
1117 1877 1394 1962 μελέων·
1449 1881 1531 1945 τὰ
1576 1878 1639 1944 δ’
1691 1881 1872 1946 εἴδεα
1926 1878 1999 1946 ἐκ
2044 1889 2163 1946 τοῦ
2210 1880 2358 1968 τρέ-

332 2012 495 2073 χειν,
551 1988 954 2071 ὁδοιπορεῖν,
1011 1983 1306 2070 ἕστάναι,
1360 1994 1789 2053 κατακεῖσθαι
1845 1985 1919 2052 ἐκ
1962 1996 2082 2052 τοῦ
2130 1991 2356 2074 ἔργου,

334 2093 405 2158 ἐκ
450 2103 571 2159 τοῦ
617 2094 957 2177 ἀφεῖσθαι.

466 2198 570 2264 20.
625 2200 712 2263 Τὸ
761 2197 855 2282 δέ,
902 2199 1003 2264 ὅτι
1048 2209 1277 2285 χρῆσις
1323 2201 1656 2286 κρατύνει,
1702 2199 1898 2286 άργιή
1945 2204 2143 2285 τήκει.
2184 2205 2196 2280 1

229 2322 333 2370 326
467 2306 571 2370 21.
609 2304 701 2369 ‘H
735 2303 943 2382 πίεξις
987 2309 1230 2389 πλήθει
1275 2304 1316 2388 ἢ
1368 2307 1561 2390 ἰσχύι.

477 2504 505 2551 1
545 2496 810 2567 δευτέρην
844 2513 946 2565 pro
983 2493 1042 2552 δ’
1083 2496 1198 2551 υστ.
1238 2496 1289 2550 V
1425 2503 1456 2551 3
1493 2497 1600 2567 ἄκρ
1604 2515 1750 2553 οισιν
1786 2497 1837 2551 V
1961 2505 1995 2553 4
2031 2497 2208 2553 λυθὲν
2246 2516 2358 2553 om

333 2569 384 2624 V
453 2570 584 2636 περὶ
616 2586 717 2638 pro
754 2568 911 2637 παρα
947 2567 998 2621 V
1141 2574 1172 2622 ὅ
1218 2568 1421 2623 τούτου
1458 2568 1526 2636 V,
1570 2518 1748 2624 τωύτό
1795 2569 2112 2639 suspicatur
2145 2570 2245 2639 Pq.

334 2646 593 2712 διηνεκος
625 2641 687 2706 Β,
727 2637 1026 2765 διτὲνεκέως
1059 2637 1111 2692 V
1145 2655 1246 2709 pro
1285 2636 1357 2707 ἢν
1394 2644 1627 2704 δικαιως
1698 2642 1749 2694 εἰ
1786 2643 1916 2695 ante
1954 2645 2047 2710 διη
2050 2659 2162 2697 νεκ.
2203 2658 2275 2695 ss.
2306 2640 2362 2695 V

440 2719 472 2767 6
511 2731 671 2803 φανηἱ
703 2711 844 2779 ηιΒ
847 2703 935 2779 ,ἦ
971 2727 1072 2779 pro
1111 2718 1266 2781 φανῇ
1305 2709 1357 2763 V
1428 2710 1491 2766 δὲ
1528 2727 1633 2765 om.
1663 2711 1752 2779 B¹‚
1792 2729 1861 2766 ss.
1891 2712 1967 2765 B²
2069 2718 2101 2766 8
2139 2710 2360 2766 πλείοσι

333 2783 393 2836 Μ
535 2789 566 2837 9
613 2801 684 2837 τα
721 2781 884 2836 ὀστέα
922 2798 1026 2835 om.
1057 2780 1108 2835 V
1254 2786 1321 2834 10
1369 2780 1641 2870 δεθέντας
1674 2783 1720 2835 Β
1845 2784 1975 2852 post
2013 2782 2178 2854 ἰσχνὰ
2222 2783 2357 2838 add.

333 2875 368 2923 η
404 2854 450 2907 Β
581 2858 760 2907 10.11
798 2847 858 2921 ἧι
895 2851 994 2921 ἐῆν
1030 2852 1164 2919 ΒΜ,
1203 2852 1300 2921 ἔην
1336 2869 1437 2921 pro
1476 2844 1528 2925 ᾖ,
1566 2852 1668 2908 ἐᾶν
1704 2852 1756 2907 V
1845 2801 1946 2907 Pll
1988 2854 2198 2909 εἴκοσιν
2234 2853 2362 2908 MV

405 2922 477 2993 ἢν
515 2924 577 2980 δὲ
612 2923 683 2977 τὰ
719 2924 770 2978 ὑ.
799 2923 851 2977 V
996 2929 1061 2977 12
1097 2928 1176 2997 τῷ
1203 2922 1349 2997 μέσῳ
1384 2940 1510 2990 rec„
1549 2928 1625 2998 τῷ
1655 2941 1760 2978 om.
1796 2924 1974 2978 BMV
2110 2930 2177 2979 14
2214 2926 2363 2980 ἀνα-

335 2999 546 3086 λημκψις
576 2995 622 3048 Β
731 2994 1069 3082 αἴσθησιςρ
1072 3010 1133 3048 ro
1178 2978 1342 3057 θέσις
1376 2994 1435 3047 Μ
1541 2979 1604 3064 ἡ
1626 2993 1870 3060 ἐπίδεσις
1916 2995 2024 3050 del.
2061 2995 2209 3049 th

337 3073 404 3120 15
441 3066 674 3139 σχήματι
711 3082 816 3121 om.
855 3065 914 3118 M
995 3056 1031 3137 ᾗ
1064 3082 1174 3119 om.
1202 3064 1258 3119 N
1294 3065 1427 3119 Litt.
1466 3065 1612 3119 Erm.
1651 3066 1749 3135 Pq.
1787 3067 1931 3121 th..
2030 3067 2136 3136 ἔθη
2175 3066 2362 3134 codd„

336 3138 475 3193 ἔθεα
512 3136 633 3192 Gal.
666 3153 860 3191 comm.
891 3140 993 3189 877
1133 3141 1197 3190 16
1237 3135 1299 3191 ἐκ
1336 3136 1398 3192 δὲ
1433 3146 1532 3191 τοῦ
1572 3153 1673 3206 pro
1710 3138 1787 3193 ἑκ.
1817 3137 1869 3191 V
1981 3140 2071 3191 ost
2106 3137 2182 3193 ἐκ.
2223 3137 2360 3192 add.

333 3228 392 3263 τε
428 3209 488 3262 Μ
596 3204 653 3263 δ’
696 3225 800 3262 om.
830 3207 890 3260 M
986 3208 1117 3277 post
1152 3206 1307 3262 εἴδεα
1344 3207 1472 3260 add.
1511 3217 1621 3264 τῶν
1658 3208 1863 3278 μελέων
2099 3214 2162 3262 17
2204 3207 2362 3265 ὁδοι-

334 3298 442 3349 πορ
447 3278 558 3334 έειν
596 3279 754 3334 codd.
904 3284 967 3331 19
1014 3278 1076 3332 τὸ
1116 3277 1179 3334 δὲ
1216 3276 1302 3332 ὅτι
1337 3278 1401 3345 Β,
1445 3278 1510 3333 τὸ
1552 3229 1725 3334 διότι
1735 3279 1857 3335 Gal
1898 3297 2093 3334 comm.
2131 3284 2257 3348 879,
2292 3280 2359 3335 τὸ

336 3355 392 3407 δι
431 3367 536 3405 om
576 3352 678 3404 cet.
766 3347 961 3420 ἁργείη
999 3348 1131 3417 ΒΜ,
1168 3350 1362 3419 ἀργεῖν
1399 3348 1465 3415 V,
1504 3350 1576 3418 ἀρ
1544 3348 1704 3440 ργίη
1706 3350 1827 3405 Gal.
1867 3351 1928 3404 in
1965 3352 2058 3405 cit.
2089 3355 2210 3416 879,
2250 3354 2360 3406 cet.

404 3423 534 3491 post
558 3422 631 3489 ἀρ
599 3441 681 3492 oy.
712 3422 840 3474 add.
873 3420 935 3477 δὲ
962 3420 1054 3475 vul
1158 3436 1263 3474 om.
1296 3419 1455 3474 codd.
1567 3419 1707 3491 2035
1745 3421 1797 3476 V
1824 3421 1914 3493 (cf.
1944 3421 2128 3476 Herm.
2159 3392 2364 3490 XXIII,

336 3495 485 3564 265),
526 3510 631 3547 om.
666 3492 804 3558 ΒΜ,
845 3492 916 3562 μὴ
954 3491 1008 3544 N
1044 3438 1215 3563 ginea
1252 3491 1507 3545 subiecta
1542 3443 1707 3564 notu)
1716 3493 1848 3548 Litt.
1887 3493 2032 3547 Erm.
2070 3492 2216 3546 th.
2256 3494 2363 3562 Pq.
