2588 3876
359 199 486 265 182
807 204 983 254 ΠΕΡΙ
1012 202 1307 256 ΑΡΘΡΩΝ
1341 203 1699 254 mom
1736 205 1821 256 47.
1849 206 1920 254 248

353 369 664 448 θρωπον,
720 363 757 428 ὁ
804 361 928 448 μὲν
983 363 1184 441 ἀσκὸς
1238 363 1597 450 ἐκυρτοῦτο
1654 363 1739 429 ἂν
1783 363 1915 429 ὑπὸ
1969 373 2087 447 τῆς
2143 364 2379 447 φύσης,

352 469 390 535 ὁ
438 465 513 534 δὲ
558 471 917 555 ἄνθρωπος
964 472 1180 557 πάντῃ
1234 476 1489 554 μᾶλλον
1548 470 1966 557 ἐλορὸαίνετο
2012 469 2053 554 -ἢ
2099 463 2143 555 ᾗ
2191 469 2381 535 συνέ-

353 599 576 663 φερεν.
651 580 907 664 ἔγραψα
944 574 1018 642 δὲ
1054 576 1355 662 ἐπίτηδες
1390 587 1617 643 τοῦτο·
1662 579 1830 643 καλὰ
1866 579 1992 664 γὰρ
2027 576 2142 642 καὶ
2179 587 2380 643 ταῦτα

352 684 434 749 τὰ
479 685 837 769 μαθήματα
881 683 1091 768 ἐστιν,
1148 683 1190 749 ἃ
1243 683 1650 772 πειρηθέντα
1694 683 2123 768 ἀπορηθέντα
2170 683 2378 769 ἐφάνη

302 816 327 857 5
353 791 466 855 καὶ
510 789 601 856 δι’
644 792 816 856 ἅσσα
859 791 1190 877 ἠπορήθη.

487 898 591 962 48.
636 895 892 962 Ὅσοισι
939 894 1014 963 δὲ
1071 896 1139 974 ἐς
1192 898 1266 962 τὸ
1323 900 1453 963 ἔσω
1507 900 2005 963 σκολιαίνονται
2063 899 2131 963 οἱ
2177 900 2381 982 σφόν-

353 1005 549 1070 δυλοι
592 1005 725 1069 ὑπὸ
771 1006 1118 1089 πτώματος
1170 1003 1212 1086 ἢ
1267 1005 1378 1069 καὶ
1433 1004 1834 1089 ἐμπεσόντος
1885 1003 2070 1081 τινὸς
2123 1004 2379 1090 βαρέος,

352 1102 449 1188 εἷς
493 1107 617 1196 μὲν
658 1112 885 1187 οὐδεὶς
927 1122 1064 1176 τῶν
1118 1113 1523 1195 σφονδύλων
1576 1110 1743 1195 μέγα
1798 1110 2125 1189 ἐξίσταται
2177 1112 2382 1197 κάρτα

352 1219 442 1296 ὡς
489 1218 596 1284 ἐπὶ
640 1219 716 1285 τὸ
776 1220 949 1283 πολὺ
1011 1217 1084 1282 ἐκ
1142 1229 1278 1282 τῶν
1324 1219 1578 1302 ἄλλων,
1636 1216 1723 1300 ’ἢν
1768 1214 1844 1282 δὲ
1890 1217 2082 1303 ἐκστῇ
2125 1217 2301 1301 μέγα
2342 1217 2380 1301 ἢ

272 1350 326 1390 ιο
355 1316 452 1402 εἷς
477 1323 518 1408 ἢ
547 1328 866 1408 πλείονες,
893 1325 1194 1390 θάνατον
1220 1324 1572 1411 φέρουσιν·
1599 1326 1820 1409 ὥσπερ
1841 1321 1916 1389 δὲ
1943 1325 2053 1389 καὶ
2071 1327 2382 1410 πρόσθεν

352 1437 634 1518 εἴρηται,
671 1433 1016 1516 κυκλώδης
1049 1432 1161 1497 καὶ
1189 1432 1353 1515 αὕτη
1383 1435 1636 1516 γίνεται
1664 1431 1705 1514 ἡ
1734 1434 2141 1517 παραλλαγή.
2217 1427 2382 1517 οὖρα

349 1533 474 1619 μὲν
519 1533 645 1603 οὖν
690 1548 864 1602 τοῖσι
909 1539 1275 1603 τοιούτοισι
1310 1536 1424 1603 καὶ
1460 1538 1796 1615 ἀπόπατος
1831 1542 2087 1622 μᾶλλον
2124 1538 2382 1603 ἵσταται

349 1644 393 1730 ἢ
453 1655 595 1722 τοῖς
649 1642 770 1722 ἔξω
829 1656 1137 1729 κυφοῖσι,
1198 1643 1313 1710 καὶ
1377 1646 1581 1721 πόδες
1647 1645 1758 1709 καὶ
1818 1644 1940 1709 ὅλα
2001 1645 2083 1709 τὰ
2150 1645 2381 1710 σκέλεα

349 1753 626 1837 ψύχεται
654 1757 933 1837 μᾶλλον,
965 1753 1079 1816 καὶ
1106 1754 1552 1838 θανατηφόρα
1575 1760 1786 1816 ταῦτα
1811 1755 2069 1835 μᾶλλον
2089 1750 2379 1834 ἐκείνων,

272 1883 322 1925 15
350 1859 461 1923 καὶ
524 1858 611 1942 ἤν
671 1858 1149 1945 περιγένωνται
1213 1858 1322 1943 δέ,
1393 1858 1684 1944 §vassa-eg
1745 1859 1827 1922 τὰ
1891 1852 2063 1943 οὖρα
2126 1862 2379 1942 μᾶλλον

351 1961 539 2032 οὗτοι
565 1967 674 2031 καὶ
703 1977 836 2031 τῶν
874 1964 1162 2031 σκελέων
1197 1965 1656 2051 ἀκρατέστεροι
1693 1963 1804 2030 καὶ
1839 1965 2379 2052 ναρκωδέστεροι.

349 2071 435 2155 ἣν
468 2068 547 2136 δὲ
582 2073 691 2137 καὶ
730 2071 803 2137 ἐν
838 2081 930 2159 τῷ
960 2074 1094 2137 ἄνω
1122 2072 1309 2158 μέρει
1344 2077 1599 2156 μᾶλλον
1621 2072 1699 2136 τὸ
1740 2074 2053 2156 λόρὸωμα
2087 2071 2376 2156 γένηται,

349 2179 594 2255 παντὸς
648 2187 769 2244 τοῦ
831 2179 1129 2262 σώματος
1186 2178 1495 2264 ἀκρατέες
1552 2179 1662 2243 καὶ
1724 2178 2378 2264 κατανεναρκωμένοι

351 2288 671 2368 γίνονται.
753 2287 1052 2369 μηχανὴν
1096 2281 1172 2350 δὲ
1218 2285 1342 2350 οὐκ
1387 2288 1534 2369 ἔχω.
1560 2285 1882 2362 οὐδεμίαν
1926 2282 2156 2368 ἔγωγε,
2205 2285 2377 2362 ὅπως

243 2408 349 2457 214
367 2393 491 2479 χρὴ
535 2392 657 2456 τὸν
688 2390 697 2478 Ι
727 2401 1038 2458 τοιοῦτον
1084 2391 1151 2468 ἐς
1192 2393 1269 2456 τὸ
1318 2392 1478 2457 αὐτὸ
1524 2400 1954 2475 καταστῆσαι,
2001 2393 2061 2456 εἰ
2097 2395 2191 2475 μή
2232 2415 2377 2457 τινα

269 2525 321 2565 21
349 2500 390 2584 ἡ
436 2500 550 2565 διὰ
595 2509 712 2583 τῆς
754 2501 1070 2581 κλίμακος
1122 2499 1498 2575 κατάσεισις
1552 2499 1839 2582 ὠφελεῖν
1893 2499 2001 2581 οἴη
2057 2522 2129 2563 τε
2183 2506 2284 2582 εἴη
2338 2497 2376 2582 ἢ

348 2604 461 2671 καὶ
509 2608 671 2691 ἄλλη
709 2630 809 2689 τις
843 2607 1116 2689 τοιαύτη
1158 2611 1330 2689 ἴησις
1364 2605 1403 2689 ἢ
1442 2606 1821 2689 κατάτασις,
1867 2604 1974 2688 οἵη
2012 2626 2136 2692 περ
2175 2605 2373 2692 ὀλίγῳ

493 2734 524 2781 2
562 2748 735 2782 παντι
770 2729 816 2781 Β
940 2729 1095 2796 μᾶλλ.
1131 2725 1319 2795 πάντη
1356 2726 1407 2779 V
1531 2718 1567 2798 ᾖ
1608 2743 1713 2781 om.
1752 2725 1873 2780 MV
2034 2732 2083 2779 2.
2113 2732 2147 2779 3
2186 2726 2371 2796 ξυνέφ.

352 2799 539 2863 eodd.,
592 2816 642 2853 σ.
691 2799 838 2869 vulg.
988 2804 1019 2852 3
1075 2798 1138 2853 δὲ
1186 2815 1293 2850 om.
1343 2798 1447 2865 Ap.
1587 2796 1650 2852 δὲ
1698 2815 1800 2867 pro
1850 2797 1957 2866 γὰρ
2004 2798 2129 2852 Gal.
2180 2815 2371 2852 comm.

350 2869 544 2935 XVIII,
584 2871 649 2937 A,
682 2876 785 2924 313
894 2870 991 2925 καὶ
1040 2886 1147 2924 om.
1200 2870 1304 2938 Ap.
1451 2873 1485 2920 4
1534 2868 1605 2922 τὰ
1652 2886 1757 2923 om.
1797 2868 1920 2922 MV
2037 2869 2109 2922 τὰ
2144 2878 2374 2924 τοιαῦτα

347 2945 489 3010 μαθ.
530 2941 651 2995 Gal.
690 2959 887 2996 nomm.
925 2940 1002 2994 ib
1107 2941 1220 2994 ἐστι
1258 2939 1311 2993 V
1410 2938 1795 3009 ἀπειρηθέντα
1829 2957 1931 3009 pro
1971 2940 2010 2994 ἃ
2046 2959 2104 2994 π
2144 2941 2304 3010 BAp.

350 3017 388 3065 5
426 3011 522 3067 διὰ
558 3010 613 3066 τί
636 3013 742 3082 Ap.
881 3018 913 3065 6
950 3031 1018 3069 κς
1055 3012 1186 3078 περὶ
1220 3018 1320 3079 τῆς
1348 3015 1562 3065 εσωθεν
1589 3020 1701 3065 τῶν
1729 3013 2063 3080 σφονδυλων
2103 3011 2373 3080 ἐξαρθρη-

348 3100 472 3145 σιος
508 3082 594 3136 tit.
624 3084 670 3136 B
771 3083 1032 3137 ὁιώσοισι
1067 3083 1113 3135 Β
1224 3081 1353 3136 εἴσω
1381 3082 1503 3136 MV
1633 3087 1668 3135 8
1706 3085 1837 3152 post
1873 3082 1973 3152 μὲν
2012 3084 2140 3136 add.
2183 3081 2217 3150 ἢ
2241 3083 2289 3136 Β

348 3151 670 3218 ἐξιστανται
702 3155 748 3207 Β
894 3159 1041 3208 9.1o
1080 3153 1130 3207 εἰ
1166 3153 1319 3222 εἰςὴ
1357 3153 1403 3206 Β
1557 3159 1625 3206 10
1660 3153 1888 3217 πλέονες
1913 3153 2036 3207 MV
2144 3152 2372 3222 φέρουσι

348 3225 398 3277 Β
546 3229 608 3277 11
657 3227 787 3292 post
824 3224 963 3293 αὕτη
1003 3225 1132 3278 add.
1171 3225 1270 3278 καὶ
1282 3174 1375 3278 ηού
1413 3226 1700 3295 γωνιώδης
1736 3224 1856 3278 MV
2004 3230 2087 3279 12.
2120 3230 2186 3277 13
2223 3224 2371 3295 ἴσχη-

347 3314 446 3348 ται
482 3293 518 3362 ἡ
554 3312 698 3348 τοισι
736 3299 790 3349 Γ
892 3301 958 3348 13
994 3304 1172 3349 τοῖσιν
1211 3298 1264 3366 (ν
1299 3296 1407 3384 Μ’)
1446 3295 1566 3349 MV
1671 3294 1903 3363 κύφοισι
1940 3295 2015 3361 V,
2055 3313 2302 3364 κυφυσιν
2330 3297 2378 3347 Γ

462 3369 528 3418 15
576 3364 648 3431 δή
684 3383 784 3433 pro
823 3364 887 3420 δέ
920 3366 1047 3419 Wb
1196 3364 1334 3420 17
1303 3387 1373 3434 ην
1411 3366 1516 3420 δὲ.
1595 3365 1845 3421 ,ἐπίπαν
1885 3369 1957 3437 (p.
1992 3372 2111 3432 183,
2143 3369 2231 3436 22)
2269 3384 2369 3420 om.

353 3438 408 3488 Γ
529 3440 593 3488 19
636 3384 777 3496 ὅκως
812 3435 932 3489 MV
1075 3441 1143 3488 20
1189 3438 1323 3490 ante
1370 3437 1420 3491 εἰ
1467 3438 1595 3490 add.
1644 3439 1741 3491 καὶ
1773 3437 1836 3490 Μ
1981 3443 2047 3491 21
2096 3438 2241 3492 κατὰ
2276 3453 2370 3506 pro

353 3504 452 3560 διὰ
489 3504 609 3557 MV
716 3503 874 3592 κλίμ.
913 3506 1245 3568 κατατάσεις
1279 3508 1326 3560 Β
1450 3510 1492 3562 ὠ
1498 3506 1713 3577 φελέειν
1752 3508 1911 3563 codd.
2098 3515 2164 3563 22
2202 3509 2239 3578 ἡ
2275 3522 2369 3578 pro

355 3572 391 3641 ἢ
428 3574 480 3628 V
588 3573 902 3638 κατασεισις
936 3575 1047 3628 MV
1156 3575 1343 3648 ὀλίγον
1378 3578 1424 3630 Β
