2588 3876
390 127 481 195 78⁷
1062 134 1238 185 ΠΕΡΙ
1271 134 1528 187 ΑΓΜῼΝ
1568 139 1652 187 20.
1684 139 1748 187 21

390 299 614 358 εῖσθαι
668 295 791 379 χρὴ
852 296 1017 381 ἅπερ
1075 293 1149 359 ἐν
1208 302 1298 384 τῷ
1349 298 1656 382 βραχίονι
1714 305 1804 382 τῷ
1866 292 2415 382 διαστρεφομένῳ

388 397 777 486 παρῄνηται.
866 402 1468 487 προσπεριβάλλειν
1523 399 1597 467 δὲ
1651 403 1771 488 χρὴ
1820 402 2011 485 ὀλίγα
2064 412 2200 466 τῶν
2255 400 2414 465 ὀθο-

388 507 556 570 νίων
608 508 827 595 κύκλῳ
884 507 1054 592 ἀμφὶ
1108 509 1182 573 τὸ
1240 511 1456 594 ἰσχίον
1510 507 1620 574 καὶ
1666 509 1783 585 τὰς
1838 507 2050 592 ἰξύας,
2108 507 2283 583 ὅπως
2332 505 2417 571 ἂν

389 613 460 678 οἰ
499 614 834 696 βουβῶνές
886 638 958 679 τε
1002 613 1114 679 καὶ
1168 616 1242 679 τὸ
1299 617 1559 701 ἄρθρον
1614 618 1688 681 τὸ
1734 617 1897 681 κατὰ
1952 616 2075 698 τὴν
2127 612 2414 698 πλιχάδα

282 742 386 791 486
407 720 812 804 καλεομένην
861 718 870 808 Ι
919 722 1451 807 προσεπιδέηται·
1503 721 1613 787 καὶ
1659 724 1785 807 γὰρ
1832 723 2045 798 ἄλλως
2091 718 2417 805 συμφέρει

340 860 365 899 5
394 824 505 891 καὶ
543 827 720 904 ὅπως
764 829 852 912 μὴ
897 830 978 893 τὰ
1023 830 1223 914 ἄκρεα
1268 841 1402 894 τῶν
1438 831 1799 915 ναρθήκων
1836 832 2095 912 σίνηται
2131 827 2296 911 πρὸς
2335 826 2414 890 τὰ

390 933 741 999 ἄνεπίδετα
785 938 1351 1021 προσβαλλόμενα.
1426 936 1806 1002 ἀπολείπειν
1843 932 1917 1000 δὲ
1954 937 2076 1020 χρὴ
2126 933 2252 997 ἀπὸ
2289 940 2412 995 τοῦ

390 1050 653 1124 γυμνοῦ
700 1039 829 1125 αἰεὶ
874 1043 1031 1118 τοὺς
1075 1043 1421 1128 νάρθηκας
1465 1040 1576 1107 καὶ
1622 1046 1826 1108 ἔνθεν
1870 1039 1982 1106 καὶ
2023 1038 2225 1106 ἔνθεν
2272 1040 2411 1103 ἰκα-

388 1148 536 1212 νόν·
584 1146 693 1213 καὶ
739 1149 861 1231 τὴν
906 1147 1105 1213 θέσιν
1150 1147 1278 1213 αἰεὶ
1324 1160 1459 1214 τῶν
1504 1151 1867 1235 ναρθήκων
1910 1152 2410 1234 προμηθεῖσθαι

311 1286 362 1327 10
390 1257 543 1338 χρή,
600 1255 778 1331 ὅπως
821 1258 980 1339 μήτε
1033 1256 1196 1320 κατὰ
1240 1257 1314 1321 τὸ
1362 1255 1593 1321 ὀστέον
1637 1267 1773 1320 τῶν
1829 1254 2184 1340 ἐξεχόντων
2232 1254 2410 1338 παρὰ

387 1362 468 1424 τὰ
495 1361 718 1447 ἄρθρα
757 1362 957 1445 φύσει
992 1364 1390 1446 πεφυκότων
1424 1364 1584 1447 μήτε
1620 1364 1782 1427 κατὰ
1817 1363 1892 1427 τὸ
1931 1370 2172 1446 νεῦρον
2210 1357 2411 1424 ἔσται.

521 1468 624 1531 21.
689 1469 783 1531 Τὰ
829 1464 904 1533 δὲ
957 1469 1279 1553 οἰδήματα
1332 1471 1411 1533 τὰ
1464 1467 1601 1534 κατ’
1652 1469 1893 1552 ἰγνύην
1939 1468 1978 1553 ἢ
2023 1468 2186 1531 κατὰ
2236 1467 2409 1529 πόδα

388 1573 428 1656 ἢ
472 1574 639 1638 κατά
680 1598 743 1639 τι
791 1575 952 1639 ἄλλο
1000 1572 1420 1661 ἐξαειρόμενα
1468 1576 1598 1640 ὑπὸ
1643 1585 1760 1659 τῆς
1814 1572 2088 1657 πιέξιος,
2144 1574 2407 1657 εἰρίοισι

387 1685 690 1746 πολλοῖσι
737 1681 1079 1767 ῥυπαροῖς,
1127 1677 1201 1747 εὗ
1242 1681 1815 1767 κατεργασμένοις,
1863 1687 2024 1769 οἴνῳ
2063 1678 2174 1745 καὶ
2214 1678 2405 1765 ἐλαίῳ

311 1817 359 1857 15
389 1787 622 1872 ρήνας,
687 1798 944 1874 κηρωτῇ
1009 1788 1352 1873 ὑποχρίων
1409 1789 1738 1872 καταδεῖν,
1801 1785 1909 1853 καὶ
1964 1786 2049 1869 ἢν
2103 1785 2406 1864 πιέζωσιν

388 1894 453 1958 οἱ
499 1895 849 1981 νάρθηκες,
895 1898 1105 1980 χαλᾶν
1158 1901 1440 1961 θᾶσσον.
1516 1897 1880 1981 ἰσχναίνοις
1934 1892 1993 1958 δ’
2039 1894 2143 1977 ἄν,
2191 1895 2253 1958 εἰ
2304 1891 2406 1958 ἐπ-

389 1999 569 2077 ανεὶς
624 2004 779 2078 τοὺς
844 2002 1185 2086 νάρθηκας
1239 2001 1539 2079 ὀθονίοις
1605 2005 1933 2089 ἰσχυροῖσι
2008 1997 2402 2085 συχνοῖσινΙ

214 2138 217 2143 ·
284 2126 386 2175 488
408 2105 694 2184 ἐπιδέοις
744 2108 823 2171 τὰ
882 2108 1231 2193 οἰδήματα,
1292 2107 1653 2196 ἀρξάμενος
1703 2108 1829 2173 ἀπὸ
1888 2115 2008 2170 τοῦ
2065 2108 2402 2172 κατωτάτω

391 2209 497 2276 ἐπὶ
549 2214 624 2277 τὸ
671 2214 807 2278 ἄνω
864 2217 1241 2299 νεμόμενος.
1325 2190 1507 2281 οὕτω
1554 2217 1678 2300 γὰρ
1725 2214 1810 2280 ἂν
1862 2214 2134 2298 τάχιστα
2182 2214 2404 2297 ἰσχνὸν

311 2349 363 2389 20
390 2321 463 2385 τὸ
511 2321 749 2404 οἴδημα
795 2319 1053 2402 γένοιτο
1100 2319 1210 2386 καὶ
1255 2320 1542 2387 ὑπέλθοι
1584 2320 1669 2386 ἂν
1713 2320 1844 2386 ὑπὸ
1881 2321 1961 2385 τὰ
1997 2319 2236 2405 ἀρχαῖα
2270 2318 2404 2384 ἐπι-

283 2447 389 2495 490
410 2427 713 2512 δέσματα.
792 2426 934 2492 ἀλλ’
978 2428 1058 2493 οὐ
1105 2428 1228 2515 χρὴ
1269 2426 1278 2514 Ι
1319 2429 1529 2516 τούτῳ
1574 2435 1667 2515 τῷ
1712 2431 1931 2515 τρόπῳ
1969 2433 2258 2512 χρῆσθαι
2294 2434 2404 2508 τῆς

532 2662 559 2709 1
601 2655 743 2724 ἅπερ
782 2656 842 2721 Β,
883 2652 1080 2724 οἷάπερ
1120 2659 1223 2710 cet.
1313 2659 1576 2725 ὃιεστραμ
1617 2654 1722 2710 ένω
1759 2654 1811 2708 V
1920 2660 1950 2706 2
1990 2652 2223 2726 ὀλίγαΡ
2225 2652 2401 2708 unctis

387 2726 676 2780 ineluS.B⁸
748 2732 778 2780 3
810 2729 940 2781 ante
968 2728 1148 2800 κύκλῳ
1180 2727 1309 2781 add.
1330 2728 1428 2781 καὶ
1453 2727 1499 2780 Β
1606 2746 1661 2780 π.
1683 2711 1859 2779 BMV
1883 2725 1979 2779 hic
1997 2728 2055 2779 et
2077 2732 2123 2792 6,
2157 2673 2237 2781 ὅκ.
2257 2724 2397 2793 vulg.

529 2803 563 2850 4
607 2801 755 2852 πλι.
794 2798 919 2866 BV,
971 2803 1129 2868 πλη.
1169 2798 1230 2851 Μ
1374 2803 1405 2851 5
1454 2797 1643 2867 ἐπιδέῃ
1646 2817 1737 2851 ται
1783 2796 1835 2850 V
1941 2797 2091 2867 ξυμφ
2009 2817 2110 2867 μφ.
2149 2797 2304 2853 codd.

392 2874 422 2920 6
452 2868 540 2921 ὑπ.
570 2868 686 2921 ΒΜ
818 2869 1026 2937 ἄκραια
1212 2875 1241 2922 7
1278 2819 1697 2940 προσβάλλοντα
1725 2868 1816 2935 ΒῙ,
1844 2870 1981 2920 mut.
2011 2869 2074 2921 in
2109 2867 2209 2939 -όμ
2210 2888 2305 2923 ενα
2332 2864 2400 2918 B³

460 2943 491 2991 8
522 2940 641 3003 αἰες
667 2939 755 3004 ΒῙ,
786 2941 875 2995 ἀεὶ
903 2944 1022 2996 δεῖν
1049 2941 1124 2994 B⁸
1209 2945 1240 2994 9
1268 2944 1549 3010 προσμηθ.
1579 2940 1667 3005 ΒῙ,
1700 2957 1731 2993 σ
1760 2939 1867 2992 del.
1898 2938 1985 3005 B⁸,
2014 2958 2058 2994 π
2061 2891 2318 3009 ρομηδέε-
2336 2935 2395 3001 V,

390 3008 543 3064 -θέε-
571 3010 630 3064 Μ
665 3011 813 3080 vulg.
960 3016 1026 3064 10
1057 3008 1136 3065 ὅκ.
1167 3011 1218 3064 V
1355 3017 1417 3065 11
1451 3014 1581 3065 ante
1609 3019 1808 3079 νεῦρον
1837 3011 1965 3064 add.
1996 3009 2218 3078 ἄρθρον
2247 3007 2391 3063 codd.

390 3097 579 3134 omnes
617 3081 691 3151 (N
727 3098 795 3134 ex
832 3082 1068 3151 emend.)
1105 3085 1330 3150 praeter
1355 3083 1401 3136 B
1513 3088 1578 3135 12
1616 3085 1802 3151 ημαδυ
1804 3100 1874 3134 τα
1909 3082 1954 3134 Β
2026 3081 2098 3135 τὰ
2176 3084 2265 3136 ost
2298 3080 2391 3134 οἰδ.

389 3151 582 3221 Β(ΗΝ
618 3152 688 3206 al.
727 3155 926 3222 manq)
966 3169 1072 3206 om.
1113 3155 1216 3207 cet.
1365 3159 1430 3206 13
1470 3152 1855 3222 ἐξαειρεύμενα
1892 3152 2080 3220 codd„
2177 3153 2247 3207 al.
2286 3154 2391 3212 523,

390 3223 601 3277 correxi
729 3229 796 3278 14
834 3221 1016 3294 ᾇυπαρ
1020 3232 1131 3277 οῖσι
1168 3224 1240 3290 Μ,
1282 3246 1341 3280 -ν
1378 3225 1430 3279 V
1557 3230 1621 3279 16
1662 3225 1716 3278 ἰσ
1717 3243 2029 3296 χναινειαις
2064 3224 2153 3289 B¹‚
2196 3225 2393 3295 ἰσχναι-

389 3313 571 3357 νοιαις
605 3294 695 3360 B⁸,
736 3295 823 3364 ἰσχ
826 3292 1034 3348 ναίνειε
1061 3294 1195 3362 MV,
1234 3312 1371 3350 corr.
1402 3296 1534 3350 Litt.
1650 3246 1873 3357 ἐπανεις
1908 3295 1969 3360 Β,
2011 3292 2153 3349 ἐπᾶν
2193 3295 2248 3358 ἐς
2280 3313 2322 3347 τ.
2349 3311 2394 3353 ν.

390 3363 511 3417 MV
584 3369 648 3416 17
680 3316 1007 3427 ὀθονίοιςίσ
1042 3375 1187 3419 νοῒσι
1216 3367 1545 3438 συχνοισιΒ,
1576 3337 1999 3435 ὀθονίοισιφιή)
2030 3361 2389 3455 lcxvotm(vV)

392 3433 526 3500 MV,
568 3452 670 3506 συχ
672 3454 720 3487 ν.
761 3451 865 3488 om.
896 3434 956 3487 M
1018 3437 1158 3508 ,ἰσχ
1159 3457 1228 3504 υρ
1273 3437 1460 3524 proto·
1495 3458 1543 3489 ν.
1572 3437 1735 3505 Bosq.
1849 3441 1915 3490 18
1952 3436 2270 3491 κατωτάτου
2297 3430 2391 3487 BV

535 3510 601 3558 20
637 3456 862 3575 γένηται
898 3506 949 3559 V
1063 3458 1359 3560 ὑπέλθοι
1339 3527 1410 3560 αν
1481 3507 1555 3562 πὸ
1591 3508 1653 3573 Β,
1685 3455 1963 3576 ὑπερθείη
2001 3506 2141 3574 ὑπὲρ
2180 3505 2297 3559 MV
