2588 3876
780 160 1175 212 MOXAIKON
1215 164 1299 213 26.
1332 164 1413 212 27.
1446 163 1529 212 28.
1563 164 1645 212 29.
1678 162 1744 211 30
2137 156 2265 220 261

249 303 522 401 μινύθει
595 321 671 386 δὲ
732 324 812 387 τὰ
876 318 1027 399 ἔξω·
1085 322 1170 406 ἢν
1234 320 1293 386 ’δ’
1361 319 1427 398 ἐς
1490 323 1570 386 τὰ
1633 317 1790 403 ἔξω,
1854 321 2270 405 γαυσότεροι,
2319 350 2327 357 ·

249 426 449 511 χωλοὶ
497 426 554 492 δ’
600 424 840 511 ἧσσον,
898 429 1062 494 κατὰ
1110 430 1233 513 γὰρ
1280 429 1355 492 τὸ
1402 429 1774 513 παχύτερον
1820 426 2055 492 ὀστέον
2102 426 2268 512 ὀχεῖ·

251 534 525 616 μινύθει
571 535 646 600 δὲ
691 536 770 599 τὰ
818 538 964 600 ἔσω.
1057 533 1127 600 ἐκ
1173 544 1404 619 γενεῆς
1450 531 1523 599 δὲ
1569 534 1610 619 ’ἢ
1657 532 1732 599 ἐν
1786 532 2055 618 αὐξήσει
2109 533 2272 598 κατὰ

251 643 453 725 λόγον
495 643 615 706 τὸν
658 644 975 727 πρόσθεν.

382 748 489 813 27.
561 751 655 814 Τὰ
697 742 775 814 ’δὲ
821 751 982 814 κατὰ
1028 750 1108 814 τὰ
1144 750 1372 833 σφυρὰ
1406 748 1795 825 κατατάσιος
1833 750 2105 833 ἰσχυρῆς
2142 747 2273 811 δεῖ-
2326 771 2351 811 5

251 878 360 919 ται
414 855 455 940 ’ἢ
509 865 659 942 τῇσι
712 854 898 941 χερσὶ
952 856 1036 940 <ἢ
1083 856 1337 921 ἄλλοισι
1388 855 1634 939 τοῖσι),
1694 854 2146 940 κατορθώσιος
2201 853 2276 918 δὲ

251 962 385 1044 ἅμα
430 962 768 1046 ἀμφότερα
811 962 1150 1046 ποιεύσης·
1206 963 1439 1026 κοινὸν
1485 957 1559 1026 δὲ
1604 970 1781 1026 πᾶσι.
1824 962 1833 1044 Ι

385 1069 489 1133 28.
564 1071 657 1133 Τὰ
703 1069 777 1133 δὲ
824 1067 898 1134 ἐν
942 1067 1129 1150 ποδὶ,
1178 1068 1266 1144 ὡς
1313 1070 1391 1132 τὰ
1439 1066 1513 1133 ἐν
1559 1066 1727 1152 χειρὶ
1772 1067 1948 1151 ὑγιᾶ.
2275 1081 2378 1130 372

388 1174 493 1240 29.
568 1176 662 1239 Τὰ
709 1174 766 1238 δ’
811 1174 887 1241 ἐν
923 1185 1001 1261 τῆ
1040 1177 1250 1260 κνήμῃ
1289 1173 1862 1259 συγκοινωνέοντα
1899 1175 2006 1239 καὶ
2043 1175 2129 1258 μὴ
2167 1171 2276 1255 ἐμ-

250 1283 556 1367 πεσόντα,
595 1280 667 1346 ἐκ
695 1291 925 1365 γενεῆς
961 1279 1071 1346 καὶ
1110 1280 1185 1346 ἐν
1212 1280 1482 1366 αὐξήσει
1510 1279 2031 1366 ἐξαρθρήσαντα,
2068 1280 2273 1345 ταύτὰ
2304 1305 2355 1344 ιο

252 1387 294 1451 ἃ
341 1387 451 1453 καὶ
498 1386 572 1453 ἐν
617 1391 802 1473 χειρί.

389 1495 493 1560 30.
542 1492 726 1559 Ὅσοι
788 1495 862 1560 δὲ
920 1496 1332 1579 πηδήσαντες
1387 1497 1655 1559 ἄνωθεν
1714 1491 2137 1577 ἐστηρίξαντο
2198 1502 2276 1578 τῇ

239 1599 532 1686 ’·πτέρνῃ,
579 1602 743 1666 ὥστε
790 1603 1137 1684 διαστῆναι
1181 1603 1261 1666 τὰ
1310 1600 1504 1667 ὀστέα
1548 1601 1658 1666 καὶ
1695 1599 1946 1684 φλέβας
1989 1597 2277 1684 ἑκχυμω-

236 1715 466 1791 ·θῆναι
512 1710 623 1772 καὶ
668 1717 874 1793 νεῦρα
912 1708 1503 1791 ἀμφιφλασθῆναι,
1551 1707 1711 1772 ὅταν
1747 1706 2015 1790 γένηται
2053 1697 2162 1771 οἷα
2196 1707 2277 1770 τὰ

257 1817 631 1898 δεινότατα,
704 1816 1019 1890 κίνδυνος
1089 1811 1213 1897 μὲν
1294 1817 1782 1897 σφακελίσαντα
1862 1814 1984 1878 τὸν
2066 1814 2277 1877 αἰῶνα
2296 1836 2347 1877 15

252 1925 602 2008 πρήγματα
655 1931 1043 2007 παρασχεῖν·
1105 1921 1388 2008 ροιωδεα
1439 1921 1563 2003 μὲν
1608 1921 1733 2006 γὰρ
1781 1920 1861 1985 τὰ
1919 1918 2142 2003 ὀστέα,
2196 1920 2276 1984 τὰ

257 2017 335 2093 δὲ
388 2037 596 2114 νεῦρα
650 2027 992 2113 ἀλλήλοισι
1046 2028 1508 2094 κοινωνέοντα.
1602 2028 1742 2093 ἐπεὶ
1797 2026 1907 2092 καὶ
1960 2018 2139 2092 οἶσιν
2193 2025 2278 2091 ἂν

233 2146 636 2219 ’καταγεῖσιν
704 2135 744 2220 ἢ
810 2134 941 2200 ὑπὸ
999 2136 1337 2222 τρώματος
1397 2126 1505 2200 οἷα
1563 2133 1637 2199 ἐν
1694 2138 1909 2219 κνήμῃ
1972 2134 2013 2218 ἢ
2075 2141 2278 2221 μηρῷ,

256 2242 520 2326 νεύρων
548 2241 1056 2324 ἀπολυθέντων,
1095 2239 1135 2305 ἃ
1165 2250 1475 2307 κοινωνεῖ
1509 2242 1867 2324 τούτοισιν,
1905 2241 1946 2325 ἢ
1984 2239 2049 2318 ἐξ
2080 2241 2279 2323 ἄλλης

255 2349 674 2423 κατακλίσιος
728 2346 998 2429 ἀμελέος
1042 2352 1343 2433 μελανθῆ
1400 2348 1440 2432 ἡ
1485 2346 1761 2432 πτέρνη,
1817 2345 1926 2411 καὶ
1981 2347 2276 2411 τούτοισι
2305 2371 2358 2411 20

251 2457 620 2537 παλίγκοτα
673 2451 747 2518 ἐκ
805 2455 1143 2519 τοιούτων.
1240 2458 1423 2519 ἔστιν
1477 2454 1584 2519 ὅτε
1637 2454 1801 2539 πρὸς
1855 2457 2278 2539 σφακελισμῷ

404 2616 430 2663 1
473 2607 528 2664 δ’
572 2610 630 2673 ἐς
656 2608 725 2663 τὰ
760 2609 845 2676 Μ,
902 2610 964 2664 δὲ
1011 2608 1080 2664 τὰ
1117 2608 1406 2676 DFINU,
1463 2609 1526 2664 δὲ
1566 2609 1622 2671 ἐς
1657 2610 1719 2664 τὸ
1756 2611 1860 2679 Ap.
2015 2616 2046 2661 2
2104 2605 2161 2664 δ’
2202 2608 2277 2675 Μ,

258 2680 322 2734 δὲ
361 2682 464 2735 cet.
565 2651 888 2768 παχύτατόν
925 2682 1028 2750 Ap.
1117 2681 1277 2752 ὀχέει
1316 2652 1474 2735 codd.
1612 2687 1646 2735 4
1682 2689 1793 2735 τῶν
1830 2679 2277 2748 MDFJKUAp.

372 2752 528 2824 ἐμπρ.
568 2753 673 2843 Ap.
786 2758 818 2806 6
855 2750 890 2820 ἢ
918 2755 1132 2807 αλλοισι
1158 2771 1305 2807 τοισι
1331 2754 1435 2821 Ap.
1465 2770 1519 2821 p.
1552 2758 1621 2806 32
1650 2752 1923 2818 Schoenc,
1962 2768 2068 2806 om.
2100 2751 2278 2818 codd„

263 2819 299 2890 ἢ
338 2821 451 2876 ἄλλ.
499 2825 802 2877 τοιούτοισι
847 2823 1010 2891 Litt„
1055 2822 1182 2892 Pq.,
1232 2825 1301 2877 cf.
1350 2843 1407 2878 π.
1459 2823 1592 2891 ἄρθ.
1632 2824 1749 2895 ἐμβ.
1798 2839 1843 2877 c.
1875 2827 1944 2876 84
2088 2824 2277 2890 ὃιορθ.

264 2899 362 2962 Ap.
522 2899 552 2946 7
601 2893 717 2964 ἅμα
754 2910 860 2948 om.
893 2896 997 2963 Ap.
1035 2912 1091 2964 p.
1123 2900 1188 2948 33
1315 2911 1529 2950 τουτων
1574 2903 1749 2949 πᾶσιν
1794 2895 1974 2962 App
1980 2898 2116 2960 ,32
2152 2893 2280 2947 τού-

260 2985 373 3020 των
402 2965 615 3019 ἅπασιν
651 2982 705 3034 p.
739 2970 805 3018 33
915 2971 947 3018 8
984 2964 1137 3035 ὑγιές
1164 2965 1238 3033 Μ,
1277 2966 1408 3036 ὑγιῆ
1438 2964 1713 3019 DHJKU
1742 2965 1893 3032 Litz„
1930 2964 2028 3032 Pq.
2061 2965 2279 3035 (scripsi

264 3037 395 3106 ὑγιᾶ
435 3036 504 3090 cf.
542 3055 599 3090 π.
641 3036 773 3103 ἅρθ.
815 3036 953 3107 ἑμβ.
970 3053 1014 3090 c.
1022 2986 1137 3106 γ83)
1173 3037 1344 3106 ὑγιῶς
1380 3036 1528 3107 vulg.
1675 3042 1705 3090 9
1755 3007 2180 3102 3³101‚‹5h0et.

262 3111 441 3161 10.11
481 3116 658 3162 ταῦτα
697 3106 886 3170 codd,
943 3107 1141 3177 scripsi
1189 3107 1368 3161 ταύτὰ
1420 3107 1488 3161 cf.
1541 3126 1599 3161 π.
1654 3106 1787 3175 ἅρθ.
1837 3108 1954 3178 ἐμβ.
1994 3124 2039 3161 c.
2069 3113 2138 3160 83

261 3183 448 3232 1314
485 3179 577 3249 ἐκχ
580 3198 654 3247 υμ
659 3177 790 3244 .,Μ
829 3178 882 3231 Η
920 3194 987 3231 ex
1024 3179 1269 3245 emend„
1306 3178 1458 3245 Litt„
1498 3179 1591 3250 ἐγχ
1743 3197 1795 3249 g.
1936 3184 2003 3232 14
2040 3179 2278 3318 ἀμφιφλ.

261 3247 447 3316 MPq.‚
477 3250 602 3319 ἀμφ
604 3198 715 3303 gn.
737 3251 839 3303 cet.
954 3255 1022 3302 16
1050 3252 1182 3304 ante
1209 3221 1316 3341 ᾇόι.
1340 3250 1466 3303 add.
1489 3200 1698 3303 καὶνυ]
1802 3265 1908 3304 om.
1930 3250 1989 3302 M
2069 3246 2278 3318 ῥοιώδη

260 3319 434 3385 MH²‚
489 3341 574 3389 γρ.
605 3321 702 3374 καὶ
729 3317 951 3391 ἆυκώδη
989 3321 1025 3374 i.
1055 3339 1127 3373 m.
1157 3320 1234 3387 M,
1273 3317 1495 3390 ρυκώὸη
1524 3268 1870 3386 FH115KU,
1902 3317 2144 3391 ᾇοικώὸη
2174 3322 2278 3373 cet.

332 3390 439 3462 γὰρ
469 3390 544 3456 Μ,
572 3407 678 3443 om.
710 3394 813 3446 cet.
909 3397 996 3445 17·
1004 3389 1113 3446 οἶσι
1140 3391 1201 3444 Μ
1305 3397 1368 3445 19
1396 3390 1685 3446 κοινωνέει
1710 3363 2017 3446 τουτέοισιν
2047 3391 2206 3444 codd.

242 3465 330 3515 '20
359 3464 613 3531 μελανθῇ
639 3461 786 3529 Wb.,
817 3463 844 3517 ἐ
844 3462 1095 3532 μελάνθη
1126 3465 1228 3516 cet.
1316 3461 1591 3517 τουτέοισι
1619 3463 1776 3517 codd.
1877 3467 1940 3514 21
1972 3459 2140 3531 παλίγ
2143 3481 2281 3515 κοτα

255 3533 337 3602 D,
374 3551 686 3586 -κοτωτατα
723 3536 829 3587 cet.
868 3534 1027 3588 codd.
1128 3532 1425 3589 τοιουτέων
1463 3534 1623 3588 codd.
1724 3535 2188 3606 προσφακελισμφ
2221 3532 2282 3585 Μ
