2588 3876
382 132 509 196 168
832 135 1008 183 ΠΕΡΙ
1042 132 1334 185 ΑΡΘΡΩΝ
1370 132 1729 183 ΕΜΒοΛΗΣ
1767 135 1851 183 42.
1883 135 1949 183 43

281 312 379 360 184
398 292 658 377 χάνημα
685 294 850 358 κατὰ
878 293 1089 377 φύσιν
1120 291 1129 378 Ι
1161 290 1522 376 ἐπενοήθη·
1570 291 1772 357 οὐδὲν
1808 292 1935 377 γάρ
1961 315 2076 374 μοι
2104 292 2383 375 ἄελπτον,

378 406 449 465 εἴ
483 422 583 475 τις
627 404 842 475 καλῶς
887 397 1213 474 σκευάσας
1247 403 1463 474 καλῶς
1498 399 1932 481 κατασείσειε,
1978 396 2105 462 κᾶν
2140 395 2384 474 ἐξιθύν-

377 511 587 588 θῆναι
617 507 777 570 ἔνια.
839 505 1037 581 αὐτὸς
1063 502 1290 588 μέντοι
1326 504 1800 590 κατῃσχύνθην
1826 502 2040 568 πάντα
2075 504 2154 568 τὰ
2188 526 2383 569 τοιου-

376 613 664 697 τότροπα
729 612 1059 697 ἰητρεύειν
1137 610 1309 676 οὕτω
1376 612 1488 676 διὰ
1557 617 1785 693 τοῦτο,
1859 610 1960 674 ὅτι
2021 610 2185 696 πρὸς
2241 610 2381 674 ἄπα-

327 746 350 785 5
380 718 646 782 τεώνων
691 721 945 798 μᾶλλον
991 718 1055 781 οὶ
1101 725 1395 782 τοιοῦτοι
1440 719 1693 802 τρόποι.

509 823 614 887 43.
660 820 915 888 Ὅσοισι
961 823 1084 906 μὲν
1130 817 1256 887 οὗν
1293 820 1495 906 ἐγγὺς
1537 832 1658 887 τοῦ
1696 807 1977 906 αὐχένος
2019 821 2060 904 ἡ
2107 824 2383 905 κύφωσις

375 931 660 1013 γίνεται,
715 924 928 1011 ἧσσον
982 930 1155 1006 εἰκὸς
1209 930 1496 1012 ὠφελεῖν
1548 930 1665 1004 τὰς
1717 928 2111 1005 κατατάσιας
2168 929 2382 1002 ταύτας

374 1037 488 1112 τὰς
548 1033 656 1100 ἐπὶ
718 1037 1046 1120 κεφαλήν·
1109 1035 1390 1120 σμικρὸν
1453 1035 1579 1120 γὰρ
1644 1034 1717 1098 τὸ
1782 1035 1987 1120 βάρος
2044 1034 2086 1118 ἡ
2150 1034 2379 1117 κεφαλὴ

374 1139 484 1205 καὶ
541 1143 622 1206 τὰ
681 1142 978 1227 ἄκρώμια
1035 1139 1562 1227 καταρρέποντα·
1626 1140 1792 1204 ἀλλὰ
1846 1141 2004 1216 τούς
2059 1164 2135 1224 γε
2188 1140 2381 1204 τοιού-

296 1276 348 1315 1ο
375 1271 533 1324 τους
577 1248 752 1324 εἰκὸς
797 1245 905 1312 ἐπὶ
958 1249 1165 1323 πόδας
1220 1244 1776 1322 κατασεισθέντας
1828 1250 2085 1328 μᾶλλον
2139 1244 2383 1323 ἐξιθνν-

374 1360 613 1436 θῆναι·
676 1351 886 1434 μέζων
941 1354 1068 1438 γὰρ
1124 1353 1336 1429 οὕτως
1387 1353 1429 1436 ἡ
1483 1353 1862 1438 καταρροπὴ
1916 1351 1957 1436 ἡ
2016 1350 2125 1416 ἐπὶ
2183 1359 2385 1416 ταῦτα.

376 1459 595 1524 ὅσοισι
641 1459 716 1524 δὲ
759 1458 1101 1545 κατωτέρω
1157 1461 1231 1524 τὸ
1287 1459 1552 1542 ὕβωμα,
1609 1459 1873 1534 τούτοις
1929 1458 2105 1534 εἰκὸς
2148 1461 2384 1539 μᾶλλον

374 1562 483 1629 ἐπὶ
540 1566 837 1649 κεφαλὴν
894 1566 1379 1630 κατασείεσθαι.
1472 1566 1530 1630 εἰ
1591 1559 1717 1629 οὖν
1770 1587 1873 1640 τις
1928 1562 2153 1629 ἐθέλοι
2210 1585 2387 1628 κατα-

376 1672 610 1754 σείειν,
686 1669 910 1757 ὀρθῶς
973 1670 1059 1735 ἂν
1121 1665 1252 1735 ὧδε
1326 1671 1659 1749 σκευάζοι·
1734 1670 1859 1754 τὴν
1922 1671 2204 1751 κλίμακα
2272 1670 2385 1754 χρὴ

294 1805 346 1845 15
375 1779 714 1853 σκυτίνοις
766 1778 1320 1861 ὑποκεφαλαίοισι
1372 1778 1679 1861 πλαγίοις
1725 1777 1765 1861 ἢ
1812 1775 2154 1862 εἰρινέοισι
2211 1799 2392 1840 κατα-

375 1882 681 1971 στορέσαι
710 1878 786 1950 εὗ
828 1882 1382 1971 προσδεδεμένοις
1413 1882 1615 1971 ὀλίγῳ
1661 1880 1866 1949 πλέον
1903 1880 2014 1948 καὶ
2050 1880 2159 1948 ἐπὶ
2203 1890 2395 1965 μῆκος

518 2115 544 2162 1
596 2127 767 2178 supra
813 2109 1049 2165 ἄελπτον
1097 2128 1166 2164 se.
1215 2109 1549 2165 ἀνέλπιστον
1585 2111 1660 2163 B³
1766 2110 1964 2165 ἄλετον
1999 2110 2083 2177 Μ,
2134 2109 2172 2163 i.
2211 2128 2281 2163 m.
2318 2131 2394 2179 γρ.

380 2180 620 2236 ἄελπτον
765 2187 796 2234 2
845 2185 1024 2242 καλῶς
1070 2183 1202 2235 ante
1247 2191 1444 2236 κατασ.
1493 2193 1599 2235 om.
1647 2180 1768 2234 MV
1914 2187 1945 2234 3
1992 2198 2209 2252 κατισχ.
2245 2181 2393 2249 BAp.

370 2269 426 2320 p.
457 2256 526 2304 25
596 2251 669 2305 τὰ
707 2269 812 2305 0111.
851 2252 955 2320 Ap.
994 2270 1048 2320 p.
1082 2258 1150 2305 14
1259 2258 1308 2305 3.
1339 2258 1373 2305 4
1408 2271 1736 2320 τοιουτατρ.,
1773 2271 1880 2305 υτα
1906 2251 2134 2321 punctis
2165 2251 2392 2306 eircum-

373 2322 585 2389 datum,
623 2322 668 2374 B
813 2328 848 2374 4
895 2321 1036 2377 οὕτω
1076 2324 1133 2376 et
1167 2331 1333 2377 τοῦτο
1370 2321 1431 2375 in
1468 2339 1593 2376 raso
1631 2323 1755 2377 loco
1792 2322 1852 2374 M
1961 2320 2105 2376 οὕτω
2153 2340 2261 2376 om.
2299 2323 2394 2390 Ap.

370 2411 424 2462 p.
456 2399 524 2446 25
636 2398 683 2446 4.
716 2397 747 2445 5
787 2394 1047 2448 ἀπατεων
1084 2394 1188 2462 Ap.
1226 2412 1282 2462 p.
1316 2399 1384 2447 14
1529 2400 1560 2447 ὅ
1600 2393 1654 2447 οἱ
1682 2392 1882 2461 τρόποι
1920 2389 2077 2447 οὗτοι
2104 2393 2213 2461 Ap.
2250 2411 2303 2462 p.
2336 2397 2396 2445 14

444 2470 476 2517 6
516 2462 664 2518 ὁκόσ.
704 2463 775 2531 Β,
817 2460 927 2518 οἶσι
964 2467 1037 2531 Γ;
1075 2462 1307 2526 ὁπόσοις
1332 2464 1436 2533 Ap.
1513 2462 1665 2526 ὅσοις
1703 2464 1864 2533 ἐγγὺς
1898 2471 1999 2517 τοῦ
2038 2462 2279 2534 αὐχένος
2311 2462 2392 2515 tit.

368 2534 430 2588 in
466 2553 538 2588 m.
577 2534 676 2588 inf.
714 2535 774 2587 M
933 2541 962 2587 7
1011 2534 1111 2588 εἰκ.
1148 2529 1268 2600 ἧσσ.
1307 2535 1412 2604 Ap.
1523 2533 1786 2604 ὠφελέειν
1824 2534 1984 2588 codd.
2091 2547 2210 2596 τῇς
2243 2535 2301 2587 M

370 2603 729 2669 κατασείσιας
764 2604 896 2658 Litt.
935 2604 1084 2659 Erm.
1213 2606 1454 2659 alterum
1497 2605 1598 2667 τὰς
1634 2623 1740 2659 om.
1779 2608 1833 2658 Γ
1971 2609 2003 2657 8
2051 2624 2129 2673 μι.
2179 2605 2302 2659 MV

370 2677 405 2745 ἡ
444 2677 659 2745 κεφαλὴ
699 2694 804 2730 0111.
843 2677 948 2745 Ap.
1097 2681 1128 2728 9
1174 2673 1559 2745 καταὸρέοντα
1595 2677 1700 2745 Ap.
1829 2675 1969 2729 ἀλλὰ
2000 2717 2010 2728 .
2045 2718 2054 2728 .
2089 2719 2100 2729 .
2132 2676 2396 2746 κατάσχοι

373 2751 445 2816 (p.
479 2752 598 2814 169,
620 2750 673 2816 2)
713 2764 819 2801 om.
860 2751 915 2801 Γ
996 2766 1055 2801 τε
1092 2747 1138 2799 Β
1286 2752 1350 2800 11
1390 2744 1521 2816 μείζ.
1561 2747 1681 2800 MV
1772 2746 2099 2815 καταρροπὴ
2136 2746 2175 2814 ἢ
2216 2747 2308 2802 ἐπι
2340 2746 2396 2811 B,

370 2814 721 2886 καταρροπίη
771 2818 863 2872 ἐπὶ
907 2817 1029 2885 MV
1154 2822 1294 2887 μεζω
1340 2838 1447 2887 γαρ
1494 2818 1676 2879 ἀύτως
1721 2815 1816 2887 (ἂν
1862 2815 2037 2878 οὕτως
2083 2816 2325 2888 80116116)
2365 2814 2396 2882 ἡ

369 2925 698 2992 καταρροπὴ
738 2919 791 2978 εἷ
824 2923 932 2994 (εἴη
971 2923 1210 2994 80116116)
1247 2925 1352 2992 Ap.
1465 2924 1557 2978 ἐπὶ
1592 2943 1638 2977 τ.
1679 2941 1784 2978 om.
1825 2924 1929 2991 Ap.
2090 2929 2156 2976 12
2202 2904 2398 2980 ὅσοσιιΜ

372 2994 492 3046 ead.
540 3013 646 3061 m.‚
703 2992 855 3056 ὅσοις
904 2994 1012 3064 γὰρ
1063 2995 1126 3049 δὲ
1175 2996 1281 3063 Ap.
1436 3013 1685 3057 τουτεοις
1733 2994 1806 3060 Β,
1870 2993 2154 3048 τούτοισιν
2209 2997 2267 3065 (ν
2301 2992 2396 3061 Μ’)

252 3121 255 3124 ,
369 3064 489 3117 MV
616 3065 761 3119 ἔοικε
805 3083 908 3133 pro
955 3064 1107 3126 εἰκὸς
1150 3066 1255 3133 Ap.
1442 3071 1509 3119 13
1565 3065 1675 3119 ὑπὸ
1721 3082 1824 3133 pro
1872 3065 1963 3119 ἐπὶ
2009 3064 2114 3133 Ap.
2249 3064 2398 3120 θέλοι

369 3134 474 3202 Ap.
623 3140 690 3187 14
733 3135 836 3205 τὴν
882 3135 984 3204 μὲν
1031 3136 1138 3205 γὰρ
1173 3139 1253 3190 κλ.
1305 3133 1338 3204 ἢ
1377 3153 1457 3190 σκ.
1496 3137 1600 3204 Ap.
1745 3184 1753 3192 .
1786 3141 1851 3189 15
1901 3132 2253 3191 σκυτίνοισιν
2289 3132 2398 3189 MV

512 3206 775 3274 εὐποκεφ.
828 3206 913 3271 Μ,
970 3208 1102 3260 ante
1155 3207 1321 3261 ὑποκ.
1378 3207 1508 3260 add.
1565 3207 1625 3261 έν
1671 3206 1723 3261 V
1865 3204 2315 3274 ὑποκεφαλαίοις
2357 3204 2396 3256 Β

441 3273 759 3342 πλαγίοισιν
795 3276 941 3343 MV,
986 3280 1074 3330 πλ.
1116 3294 1222 3331 0111.
1252 3278 1358 3347 Ap.
1462 3277 1761 3347 εἰρηνεοῖσι
1797 3277 1868 3342 Β,
1908 3277 2044 3345 ἔριν.
2082 3276 2237 3345 MV,
2278 3295 2397 3343 ειρι-

369 3364 492 3406 νοις
517 3345 621 3412 Ap.
734 3352 817 3399 15.
850 3352 916 3400 16
944 3357 1332 3416 καταστρῶσαι
1358 3348 1517 3418 BAp.
1632 3353 1697 3401 16
1727 3345 2286 3418 προσδεδεμένοισι(ν
2303 3344 2395 3412 Μ’)

368 3414 489 3468 MV
514 3484 565 3536 A
616 3416 748 3469 ante
787 3415 862 3468 ὀλ.
903 3417 1030 3470 add..
1069 3419 1168 3471 καὶ
1203 3409 1365 3486 BAp.
1485 3421 1677 3473 πλεῖον
1714 3418 1874 3486 BAp.
2004 3418 2105 3471 καὶ
2142 3421 2282 3474 ante
2318 3414 2396 3472 ἐπὶ

370 3501 475 3537 om.
565 3502 618 3552 p.
1817 3503 1825 3521 .
