2588 3876
690 169 865 219 ΠΕΡΙ
898 168 1187 221 ΑΡΘΡΩΝ
1224 168 1583 219 ΕΜΒοΛΗΣ
1620 171 1704 219 53.
1737 171 1803 218 54
2140 166 2262 228 197

252 329 322 393 ἐν
347 341 488 406 τοῖς
525 329 755 413 ὀλίγον
790 330 1074 413 ὕστερον
1110 328 1589 414 εἰρησομένοις,
1629 328 1729 393 ὅτι
1767 338 1972 393 ταῦτα
1998 328 2268 392 τοιαῦτά

251 435 400 501 ἐστι.

376 542 483 607 54.
546 536 698 608 Οἷσι
763 543 822 608 δ’
886 542 971 608 ἂν
1035 543 1101 620 ἐς
1159 544 1233 608 τὸ
1294 542 1417 621 ἔξω
1475 553 1596 608 τοῦ
1651 553 1867 627 μηροῦ
1922 543 1962 626 ἡ
2017 543 2269 626 κεφαλὴ

248 646 438 736 ἐκβῇ,
509 651 808 716 τούτοισι
869 652 1283 736 βραχύτερον
1346 651 1469 734 μὲν
1530 652 1605 715 τὸ
1672 650 1901 727 σκέλος
1966 653 2269 734 φαίνεται

246 758 807 841 παρατεινόμενον
859 758 1037 842 παρὰ
1091 758 1165 821 τὸ
1222 755 1452 842 ἕτερον
1507 759 1796 833 εἰκότως·
1858 758 1940 822 οὐ
1987 758 2113 841 γὰρ
2161 753 2261 820 ἐπ’
2324 786 2348 826 5

245 863 476 929 ὀστέον
528 865 570 948 ἡ
626 862 926 946 ἐπίβασις
984 873 1099 947 τῆς
1153 869 1445 948 κεφαλῆς
1490 873 1610 928 τοῦ
1654 873 1869 949 μηροῦ
1916 863 2127 946 ἐστιν,
2184 864 2271 938 ὡς

244 971 347 1035 ὅτε
395 974 525 1036 ἔσω
572 969 1004 1053 ἐκπέπτωκεν,
1051 970 1217 1035 ἀλλὰ
1261 973 1442 1055 παρὰ
1484 972 1558 1035 τὸ
1604 970 1836 1035 ὀστέον
1881 974 2269 1056 παρακεκλι-

241 1076 450 1161 μένην
503 1079 625 1161 τὴν
678 1078 889 1162 φύσιν
934 1080 1117 1162 ἔχον,
1183 1076 1257 1142 ἐν
1314 1076 1506 1163 σαρκὶ
1561 1077 1636 1142 δὲ
1690 1081 2053 1162 στηρίζεται
2096 1060 2270 1161 ὑγρῇ

241 1182 348 1249 καὶ
408 1185 804 1268 ὑπεικούσῃ·
874 1185 985 1249 διὰ
1046 1194 1242 1250 τοῦτο
1304 1185 1428 1268 μὲν
1484 1184 1894 1269 βραχύτερον
1948 1186 2270 1267 φαίνεται.

241 1293 502 1356 ἔσωθεν
549 1290 623 1355 δὲ
668 1291 704 1355 ὁ
749 1292 957 1375 μηρὸς
1002 1292 1179 1377 παρὰ
1214 1293 1335 1374 τὴν
1372 1292 1657 1376 πλιχάδα
1694 1289 2098 1372 καλεομένην
2133 1312 2269 1354 κοι-
2302 1322 2352 1360 10

242 1399 515 1483 λότερος
549 1396 659 1462 καὶ
698 1397 1138 1484 ἀσαρκότερος
1175 1401 1444 1481 γίνεται.
1517 1397 1769 1476 ἔξωθεν
1807 1393 1881 1461 δὲ
1919 1398 1955 1462 ὁ
1993 1397 2275 1479 γλουτὸς

241 1507 674 1589 κυρτότερος,
738 1506 852 1570 ἅτε
917 1503 983 1580 ἐς
1040 1506 1116 1568 τὸ
1176 1502 1298 1582 ἔξω
1357 1514 1473 1588 τῆς
1531 1509 1821 1588 κεφαλῆς
1876 1513 1996 1568 τοῦ
2056 1511 2272 1588 μηροῦ

245 1610 720 1694 ὠλισθηκυίης.
813 1611 977 1697 ἀτὰρ
1023 1610 1133 1676 καὶ
1183 1610 1487 1696 ἀνωτέρω
1535 1613 1841 1694 φαίνεται
1889 1611 1925 1675 ὁ
1973 1612 2273 1693 γλουτός,

242 1717 353 1782 ἅτε
400 1716 760 1799 ὑπειξᾶσης
814 1728 928 1801 τῆς
974 1719 1216 1801 σαρκὸς
1260 1728 1376 1800 τῆς
1423 1716 1718 1781 ἐνταῦθα
1763 1725 1842 1800 τῇ
1888 1725 2009 1779 τοῦ
2056 1723 2273 1799 μηροῦ

240 1827 517 1908 κεφαλῇ.
591 1824 664 1887 τὸ
721 1824 795 1888 δὲ
849 1825 1029 1909 παρὰ
1082 1824 1156 1888 τὸ
1213 1827 1382 1907 γόνυ
1438 1833 1557 1888 τοῦ
1613 1832 1828 1907 μηροῦ
1886 1824 2094 1906 ἄκρον
2141 1824 2268 1885 ἔσω
2302 1851 2349 1890 15

245 1929 456 2015 ῥέπον
503 1934 806 2014 φαίνεται
852 1929 963 1996 καὶ
1009 1931 1049 2016 ἡ
1096 1934 1310 2016 κνήμη
1359 1929 1469 1997 καὶ
1527 1930 1562 1997 ὁ
1618 1930 1804 2006 πούς.
1897 1928 2058 2014 ἀτὰρ
2109 1928 2271 1994 οὐδὲ

241 2037 697 2121 συγκάμπτειν
743 2039 962 2122 ὥσπερ
1008 2039 1083 2103 τὸ
1120 2039 1307 2121 ὑγιὲς
1354 2038 1584 2114 σκέλος
1622 2038 1962 2103 δύνανται.
2034 2038 2114 2100 τὰ
2150 2037 2273 2121 μὲν

242 2140 371 2209 οὖν
420 2154 655 2228 σημεῖα
698 2154 905 2209 ταῦτα
951 2155 1070 2209 τοῦ
1117 2143 1238 2222 ἔξω
1286 2144 1779 2222 ἐκπεπτωκότος
1823 2153 2057 2229 μηροῦ.

391 2397 420 2443 1
470 2398 651 2445 τοῖσιν
700 2395 753 2460 (ν
792 2391 919 2444 add.
968 2390 1072 2461 Μ’)
1120 2391 1240 2445 MV
1311 2390 1798 2477 §elenoom‘voww
1836 2390 1913 2457 V,
1969 2389 2274 2459 εἰρημένοι-

247 2479 406 2550 ‹no-²)
444 2479 504 2531 M
649 2486 679 2532 2
739 2480 887 2535 ἐστιν
925 2479 1045 2533 MV
1190 2487 1221 2532 3
1278 2482 1386 2534 ΚΘ
1431 2481 1560 2549 περὶ
1604 2488 1701 2549 τῆς
1747 2479 1958 2543 ἔξωθεν
1998 2477 2274 2546 ἐξαρθρή-

243 2568 382 2613 σεως
417 2557 519 2618 τῆς
553 2552 800 2619 κεφαλης
835 2571 933 2605 του
970 2571 1148 2621 μηρου
1185 2551 1272 2604 tit.
1313 2551 1383 2616 B,
1434 2570 1491 2604 π.
1530 2571 1576 2604 τ.
1616 2551 1717 2615 ἔξω
1756 2548 1797 2602 ἐ.
1836 2557 1935 2603 τοῦ
1972 2557 2150 2617 μηροῦ
2187 2568 2274 2602 κε-

243 2625 428 2691 φαλῆς
454 2621 543 2675 tit.
565 2625 619 2675 Γ
687 2620 840 2684 ὅσοις
866 2622 971 2691 Ap.
1048 2621 1294 2677 ὁκόσοισι
1316 2619 1374 2678 δ’
1398 2620 1470 2677 ἂν
1502 2622 1557 2685 ἐς
1582 2620 1646 2675 τὸ
1675 2621 1778 2685 ἔξω
1805 2619 1842 2689 ἡ
1868 2640 1914 2674 τ.
1937 2641 1989 2689 μ.
2012 2641 2060 2673 κ.
2083 2618 2203 2672 MV

245 2693 302 2756 ἐς
336 2692 402 2746 τὸ
431 2709 539 2746 om.
569 2693 680 2746 ΒΓ
745 2702 846 2747 τοῦ
875 2709 981 2746 om.
1011 2694 1117 2762 Ap.
1191 2694 1226 2761 ἡ
1266 2711 1372 2748 om.
1402 2694 1507 2762 Ap.
1618 2700 1652 2746 4
1687 2691 1933 2746 τούτοισι
1961 2707 2066 2745 om.
2096 2691 2201 2758 Ap.

239 2764 489 2818 τούτοισι
519 2806 530 2817 .
555 2806 565 2816 .
591 2808 600 2817 .
632 2762 661 2817 ὁ
690 2763 848 2827 πούς.
878 2767 987 2834 (16)
1017 2781 1122 2818 om.
1162 2769 1214 2818 Γ
1319 2769 1350 2817 5
1382 2762 1606 2827 εἰκότως
1634 2763 1740 2817 del.
1770 2762 1916 2816 Erm.
2029 2767 2075 2815 5.
2108 2767 2139 2814 6
2184 2761 2274 2816 ἐπὶ

240 2834 303 2888 τὸ
344 2834 390 2888 ὀ.
420 2834 527 2904 Ap.
640 2840 671 2887 6
699 2855 733 2903 η
764 2836 1039 2926 αναρασις
1073 2856 1108 2904 η
1146 2838 1361 2904 κεφαλη
1389 2836 1493 2905 Ap.
1570 2834 1751 2902 ὥσπερ
1789 2835 1894 2902 Ap.
1997 2839 2044 2886 6.
2080 2838 2108 2885 7
2139 2832 2274 2888 ὥστε

244 2923 347 2974 pro
377 2906 453 2969 ὡς
481 2904 572 2959 ὅτε
591 2905 643 2958 V
770 2911 798 2958 7
831 2905 958 2960 εἰσω
989 2907 1147 2960 codd.
1226 2924 1608 2961 σεκπεπτωκεν
1627 2907 1689 2972 Β,
1720 2904 2008 2971 ἐξέπιπτεν
2038 2905 2098 2957 M
2107 2904 2215 2958 VA
2261 2949 2271 2959 .

311 2977 446 3046 post
483 2976 620 3030 ἀλλὰ
657 2977 785 3029 add.
826 2973 897 3032 ἂν
930 2977 1033 3046 Ap.
1108 2974 1249 3045 παρ’
1285 2976 1395 3032 ὀστ.
1436 2977 1555 3031 MV
1702 2982 1747 3031 7.
1788 2982 1820 3030 8
1865 2996 2095 3046 παρεγκ.
2136 2923 2271 3042 MV,

246 3047 700 3171 παρακεκλἭένη
755 3048 801 3100 Β
982 3053 1014 3100 8
1071 3048 1200 3120 ἔχον
1258 3048 1317 3103 ἐν
1375 3050 1538 3117 σαρκὶ
1593 3046 1962 3118 ἐνστηρίζεται
2025 3048 2128 3117 Ap.

249 3124 313 3173 10
350 3122 514 3188 πληχ.
782 3125 863 3173 10.
897 3125 960 3172 11
1000 3122 1146 3173 κυλλ.
1185 3119 1342 3172 FoeS.
1525 3125 1589 3172 11
1630 3120 1826 3187 ἀσαρκ.
1868 3117 2129 3187 φαίνεται
2166 3119 2270 3186 Ap.

387 3195 455 3243 12
507 3199 607 3244 τοῦ
644 3198 823 3259 μηροῦ
861 3206 966 3244 om.
1007 3190 1058 3244 V
1231 3196 1296 3242 13
1345 3187 1724 3260 ὠλισθηκυίας
1758 3191 1805 3244 Β
1950 3211 2123 3260 μηρος
2170 3205 2271 3257 pro

240 3265 317 3331 γλ.
367 3262 474 3329 Ap.
659 3267 725 3313 14
778 3268 878 3329 τῆς
923 3261 1175 3316 ἐνταῦθα
1230 3278 1336 3315 om.
1393 3262 1497 3331 Ap.
1674 3267 1738 3314 15
1795 3260 1858 3316 τό
1912 3281 1970 3315 τε
2025 3263 2129 3329 Ap.

239 3334 419 3400 ἄκρον
465 3348 572 3385 om.
612 3332 717 3400 Ap.
828 3331 956 3386 εἴσω
1003 3331 1164 3385 codd.
1313 3338 1379 3385 16
1425 3341 1568 3396 ποῦς
1610 3334 1677 3386 ut
1713 3332 1856 3387 solet
1893 3332 1944 3385 V
2089 3337 2150 3383 17
2200 3331 2274 3393 ὡς

239 3409 291 3458 Γ
425 3402 668 3457 δύναται
713 3402 874 3471 BAp.
1027 3402 1097 3456 τὰ
1144 3399 1244 3471 μὲν
1300 3400 1402 3457 οὖν
1435 3447 1444 3457 .
1478 3447 1489 3457 .
1524 3448 1533 3457 .
1565 3402 1755 3467 σκέλος
1799 3407 1871 3472 (p.
1905 3408 2034 3468 198,
2065 3405 2116 3471 3)
2164 3418 2270 3454 om.

238 3480 327 3615 ΞΡ
384 3479 516 3598 ΕὲΒΠ
551 3471 654 3529 οὖν
702 3490 805 3526 om.
859 3474 961 3542 Ap.
1106 3476 1236 3542 post
1286 3484 1465 3544 μηροῦ
1522 3475 1648 3528 add.
1715 3475 1856 3529 εἰσιν
1911 3472 2098 3537 codd.,
2164 3488 2269 3524 om.
