2588 3876
363 129 449 193 32
596 102 600 106 Α
1025 127 1188 182 KAT’
1230 133 1575 184 [HTPEION
1614 136 1661 183 3.
1693 137 1727 184 4

361 297 562 377 ἔχειν·
618 301 738 358 τοῦ
787 293 862 357 δὲ
914 293 1089 357 κάτω
1135 293 1222 376 μὴ
1277 292 1617 379 κατωτέρω
1663 291 1704 377 ἦ
1751 294 1916 358 ὥστε
1972 300 2223 377 στῆθος
2280 292 2391 358 ἐπὶ

361 401 687 483 γούνασιν
733 402 968 483 ἔχοντα
1014 402 1187 482 ἔχειν
1233 409 1456 485 χεῖρας
1502 399 1761 485 [ἄκρας]
1813 398 2177 483 ἐγγωνίους
2221 401 2391 487 πρὸς

359 508 742 591 βραχίονας·
797 507 878 570 τὰ
923 502 1046 591 μὲν
1099 507 1263 570 κατὰ
1315 504 1523 588 μέσον
1578 505 1803 583 οὕτως.
1894 507 1975 570 τὰ
2020 505 2079 570 δ’
2126 509 2299 573 ἔνθα
2345 506 2387 590 ἢ

359 610 532 677 ἔνθα
574 614 662 696 μὴ
700 611 820 690 ἔξω
857 622 972 696 τῆς
1007 611 1224 698 ἕδρης,
1270 614 1436 677 κατὰ
1471 614 1678 694 λόγον
1716 613 1791 677 δὲ
1826 622 1941 695 τῆς
1977 611 2389 700 ἐπιστροφῆς

307 743 330 783 5
359 721 945 804 προσβαλλόμενον
988 719 1063 783 τὸ
1111 728 1298 803 σῶμα
1334 717 1445 783 καὶ
1489 728 1611 784 τοῦ
1653 721 1954 804 σώματος
1997 721 2071 785 τὸ
2118 718 2391 805 ἐργαζό-

359 848 580 906 μενον.

486 930 805 998 Ἑστεῶτα
851 932 953 1017 δέ,
1008 934 1177 998 ἰδεῖν
1221 929 1346 1017 μὲν
1388 931 1500 997 καὶ
1547 931 1646 997 ἐπ’
1691 932 2084 1020 ἀμφοτέρων
2127 936 2388 1015 βεβῶτα

360 1037 425 1116 ἐξ
473 1039 623 1104 ἴσου
669 1051 804 1105 τῶν
839 1041 1068 1105 ποδῶν
1105 1041 1269 1123 ἅλις,
1318 1039 1488 1125 δρᾶν
1525 1036 1601 1104 δὲ
1635 1048 1726 1128 τῷ
1759 1038 1955 1127 ἑτέρω
1993 1039 2386 1123 έπιβεβῶτα,

358 1147 445 1229 μὴ
491 1154 583 1234 τῷ
628 1149 793 1211 κατὰ
836 1148 958 1230 τὴν
1003 1148 1272 1232 δρῶσαν
1323 1156 1525 1232 χεῖρα.
1615 1146 1812 1224 ὕψος·
1869 1147 2161 1228 γούνατα
2215 1147 2386 1232 πρὸς

279 1276 331 1315 10
358 1255 706 1335 βουβῶνας
752 1253 840 1330 ὡς
886 1252 960 1318 ἑν
1005 1252 1189 1342 ἕδρῃ·
1235 1251 1346 1317 καὶ
1390 1254 1472 1317 τα
1516 1254 1683 1318 ἄλλα
1729 1252 1880 1339 ’ὅρια
1923 1254 2004 1317 τὰ
2049 1252 2233 1318 αὐτά.

481 1357 552 1423 Ὁ
611 1355 686 1423 δὲ
749 1362 1186 1446 χειριζόμενος
1242 1367 1335 1448 τῷ
1400 1363 1747 1445 χειρίζοντι
1807 1366 1899 1446 τῷ
1959 1360 2135 1447 ἄλλω
2200 1358 2387 1446 μέρει

357 1473 477 1529 τοῦ
526 1467 823 1547 σώματος
865 1465 1265 1552 ὑπηρετείτω
1304 1465 1345 1549 ἢ
1385 1464 1621 1542 ἑστεὼς
1656 1464 1697 1549 ἢ
1743 1468 2122 1550 καθήμενος
2164 1465 2205 1549 ἦ
2253 1469 2385 1531 κεί-

358 1594 555 1656 μενος
612 1573 700 1649 ὡς
745 1571 829 1637 ἂν
883 1572 1116 1658 ρήϊστα
1172 1572 1207 1637 ὃ
1261 1574 1366 1637 δεῖ
1410 1582 1623 1657 σχῆμα
1677 1574 1845 1656 ἔχων
1900 1574 2196 1657 διατελῇ,
2253 1596 2387 1655 φυ-

253 1693 356 1741 284
376 1679 640 1743 λάσσων
693 1678 1090 1764 ὑπόρρυσιν,
1133 1677 1141 1765 Ι
1181 1678 1569 1762 ὑπόστασιν,
1618 1681 1947 1765 ἔκτρεψιν,
2002 1680 2384 1763 καταντίαν,

278 1810 328 1850 15
358 1785 446 1862 ὡς
492 1785 527 1850 ὃ
577 1787 680 1850 δεῖ
733 1788 1013 1870 σώζηται
1056 1783 1166 1850 καὶ
1214 1795 1428 1870 σχῆμα
1471 1783 1582 1849 καὶ
1629 1780 1807 1861 εἶδος
1859 1794 1980 1850 τοῦ
2027 1784 2386 1870 χειριζομέ-

357 1916 481 1959 νου
531 1892 605 1958 ἐν
648 1889 930 1978 παρέξει,
979 1890 1053 1957 ἐν
1097 1899 1430 1980 χειρισμῷ,
1478 1890 1553 1957 ἐν
1596 1900 1674 1978 τῇ
1721 1889 1943 1957 ἔπειτα
1984 1887 2131 1970 ἔξει.

489 2000 550 2065 4.
578 1997 864 2082 ’Όνυχας
900 2000 1059 2080 μήτε
1094 1998 1440 2085 ὑπερέχειν
1476 2001 1635 2083 μήτε
1674 1998 1997 2064 ἐλλείπειν
2033 1999 2386 2065 δακτύλων

503 2161 530 2207 1
573 2155 719 2227 ἔχειν
757 2172 861 2209 om.
892 2154 944 2209 V
1016 2152 1050 2224 ἢ
1091 2172 1194 2209 om.
1232 2155 1349 2208 ΒΜ
1422 2155 1496 2219 ὡς
1521 2175 1578 2210 τε
1607 2155 1739 2221 ΒΜ,
1778 2156 1852 2220 ὡς
1877 2155 1941 2210 τὸ
1969 2155 2020 2209 V
2128 2162 2159 2209 2
2200 2155 2384 2224 ἄκρας

360 2226 540 2280 delevi
584 2242 765 2294 neque
812 2229 897 2280 est
941 2227 1002 2279 in
1048 2227 1316 2281 citatione
1364 2226 1564 2281 Galem'
1607 2245 1663 2296 p.
1695 2232 1797 2280 696
1943 2232 1974 2279 3
2013 2225 2075 2282 δὲ
2112 2226 2237 2281 MV

361 2303 390 2351 5
427 2300 589 2369 προβ.
628 2296 764 2365 MV,
800 2296 990 2367 πρόσω
1028 2301 1076 2370 β.
1114 2297 1258 2351 th..
1335 2299 1585 2367 σώματος
1621 2314 1724 2351 om.
1756 2298 1845 2364 B1,
1885 2315 1953 2351 ss.
1983 2297 2062 2350 BQ
2195 2303 2224 2350 ‘1
2266 2301 2379 2354 δεῖ·

359 2374 479 2425 δεῖν
516 2372 579 2425 δε
615 2385 716 2438 pro
754 2367 835 2435 δέ,
873 2370 945 2424 ἰδ.
985 2389 1037 2438 μ.
1076 2369 1136 2422 Μ
1208 2368 1312 2424 ἑστ.
1354 2368 1416 2423 δὲ
1453 2372 1556 2436 δεῖ,
1594 2368 1665 2438 μὴ
1704 2368 1788 2423 ἐπ.
1819 2369 1872 2423 ἀ.
1910 2368 2055 2422 th.
2131 2370 2230 2423 καὶ
2268 2369 2380 2423 del.

358 2440 489 2494 Litt.
565 2438 861 2509 ἀμφοτέρω
898 2440 950 2494 V
1083 2446 1115 2494 8
1152 2449 1263 2496 τῶν
1299 2444 1426 2495 ποδ.
1464 2440 1625 2494 uncis
1662 2439 1891 2494 inclusit
1926 2440 2071 2493 Erm.
2148 2439 2272 2504 ἅλις
2307 2439 2381 2495 cf.

356 2511 603 2566 Erotian.
641 2530 696 2581 p.
727 2516 796 2565 40
824 2511 938 2565 K1.:
978 2511 1115 2576 ἅλις,
1161 2512 1506 2580 ἀρκούντως,
1544 2511 1899 2565 scribendum
1935 2511 2156 2564 videtur
2193 2511 2310 2580 ἅμα

357 2588 498 2653 δρῆν
535 2581 694 2637 codd.
771 2584 840 2651 δὴ
868 2599 969 2652 pro
999 2582 1061 2637 δὲ
1088 2582 1186 2650 Pq.
1262 2583 1609 2654 ἐπιβεβαῶτα
1636 2582 1767 2647 ΒΜ,
1807 2584 1896 2653 -βε
1934 2602 2121 2651 ηκωτα
2149 2582 2186 2635 i.
2206 2600 2279 2635 m.
2306 2582 2385 2635 Β53

429 2661 459 2708 9
497 2651 559 2709 τὸ
588 2670 688 2723 pro
715 2659 791 2728 τῷ
811 2654 871 2707 Μ
941 2654 1190 2725 γούνατα
1216 2653 1375 2720 ΒῙΜ,
1413 2656 1549 2707 mut.
1571 2654 1632 2706 in
1660 2653 1873 2709 -νάτων
1955 2653 1991 2719 ³,
2028 2653 2281 2722 γονάτων
2309 2653 2382 2720 V,

355 2726 587 2795 »γούνατι
604 2725 751 2794 vulg.
848 2731 913 2779 10
941 2726 1038 2780 καὶ
1065 2724 1203 2779 α”λλα
1231 2725 1292 2778 Μ
1385 2731 1449 2777 12
1477 2733 1577 2779 τοῦ
1607 2742 1653 2779 σ.
1671 2730 1749 2797 τῷ
1769 2724 1852 2779 ἄλ.
1874 2746 1925 2795 μ.
1948 2723 2013 2790 V,
2041 2732 2141 2778 τοῦ
2162 2740 2268 2778 om.
2286 2724 2380 2791 Bl,

358 2814 426 2850 se.
456 2796 531 2849 B²
620 2793 655 2864 ἢ
694 2798 825 2850 ante
863 2796 967 2852 ἑστ.
1009 2814 1113 2851 om.
1152 2796 1213 2849 M
1322 2802 1387 2850 13
1426 2794 1462 2865 ἢ
1503 2793 1643 2858 ὅκως
1676 2812 1779 2865 pro
1818 2796 1892 2858 ὡς
1926 2794 1978 2848 V
2058 2795 2259 2863 ἄριστα
2287 2796 2381 2861 B¹‚

354 2868 492 2921 mut.
530 2867 591 2919 in
629 2864 701 2922 ἂν
739 2885 934 2937 ρηιστα
970 2867 1045 2920 B²
1144 2864 1235 2922 ὁδ’
1278 2868 1328 2922 εἰ
1363 2867 1426 2934 Β,
1467 2864 1561 2922 ὅδε
1598 2867 1673 2933 Μ,
1714 2864 1808 2921 ὅδε
1847 2867 1926 2929 εἰς
1960 2865 2013 2919 V
2111 2865 2385 2921 διατελέει

355 2938 419 3005 Β,
450 2936 570 3007 -λέη
608 2937 668 2990 Μ
758 2938 1041 3007 φυλάσσον
1076 2937 1185 2992 BV
1331 2944 1398 2991 14
1434 2939 1708 3006 ὑπορυσιν
1743 2936 1852 2991 BV
1951 2948 2278 3006 εκστερψειν
2313 2938 2381 3005 Β,

357 2992 651 3077 ἐκστρέψιν
687 3009 771 3074 Μ,
819 3010 1075 3079 ἔκτριψιν
1111 3009 1178 3076 V,
1227 3009 1488 3078 ἔκτρεψιν
1524 3008 1647 3062 FIJ
1657 3008 1733 3075 K,
1781 3008 2023 3062 editores
2093 3006 2383 3063 κατανέαν

357 3080 409 3134 V
537 3085 602 3132 15
641 3082 772 3133 ante
811 3081 885 3143 ὡς
920 3079 1112 3133 littera
1146 3096 1261 3133 una
1300 3096 1437 3134 eras.
1476 3080 1522 3133 B
1601 3079 1671 3148 δὴ
1709 3079 1767 3132 Μ
1841 3079 1869 3133 ὁ
1910 3080 1968 3134 δὶ
2003 3079 2055 3133 V
2128 3080 2383 3143 σώζειται

357 3151 420 3218 Β,
468 3171 616 3206 -εται
651 3150 787 3218 MV,
834 3171 990 3220 -ηται
1032 3151 1196 3220 Bosq.
1235 3151 1369 3207 Litt.
1516 3156 1581 3204 16
1627 3154 1758 3219 post
1802 3170 1935 3222 χειρ.
1976 3149 2104 3204 add.
2143 3152 2242 3205 καὶ
2285 3150 2380 3218 Βῑ,

359 3221 465 3277 del.
486 3222 562 3274 13⁸
633 3222 694 3277 ἐν
721 3230 788 3292 τῇ
816 3223 909 3277 ἐπὶ
932 3222 1004 3276 τὰ
1032 3224 1127 3277 καὶ
1156 3223 1248 3278 ἐπὶ
1274 3221 1345 3276 τὰ
1376 3221 1482 3287 ἕξει
1510 3220 1717 3288 Coi-aie,
1746 3238 1833 3291 op.
1863 3224 2124 3291 postuma
2151 3224 2284 3274 tom.
2307 3220 2383 3289 V,

358 3299 424 3346 81
538 3298 600 3346 17
639 3295 769 3362 περὶ
806 3294 1023 3365 ὀνύχων
1059 3294 1146 3347 tit.
1186 3294 1246 3347 M
1328 3293 1609 3362 duplicem
1647 3292 1892 3347 Galenus
1930 3294 2143 3363 (comm.
2174 3310 2228 3361 p.
2253 3296 2381 3362 709)

356 3365 534 3418 tradit
561 3364 916 3433 scripturam:
956 3364 1089 3435 μήτε
1117 3366 1218 3420 m..
1250 3365 1538 3420 δακτύλων
1566 3363 1835 3433 κορυφάς.
1875 3364 1931 3427 ἐς
1958 3371 2154 3435 χρῆσιν
2182 3364 2381 3419 ἀσκεῖν

359 3436 677 3491 δακτύλοισι
704 3434 805 3504 μὲν
832 3457 880 3490 κ.
910 3456 955 3490 τ.
984 3440 1050 3502 λ.,
1088 3435 1348 3490 alteram:
1387 3434 1518 3503 μήτε
1555 3433 1836 3491 ἐλλείπειν.
1892 3434 2182 3490 δακτύλων
2210 3454 2383 3504 κορυ-

359 3514 497 3578 φῇσι
533 3514 741 3578 χρῆσις.
799 3507 990 3562 ἀσκεῖν
1028 3511 1181 3562 δακτ.
1221 3506 1322 3575 μὲν
1359 3527 1409 3560 κ.
1437 3526 1483 3560 τ.
1513 3510 1556 3560 λ.
