2588 3876
307 131 394 195 20
510 100 519 109 ⁸
616 135 789 185 ΠΕΡΙ
824 133 971 184 ΤΩΝ
1007 136 1104 184 EN
1141 134 1476 184 ΚΕΦΑΑΗΙ
1511 126 1902 185 ΤΡΩΜΑΤῼΝ
1944 137 2008 184 14

306 293 693 380 περιέχοντα
738 294 947 377 αὐτὴν
993 293 1206 378 ὀστέα,
1250 296 1338 378 μὴ
1387 295 1700 371 πολλάκις
1743 304 1823 380 τῇ
1861 293 2017 379 ἕδρῃ
2056 292 2343 378 προσγέ-

306 423 499 485 νηται
547 397 728 486 ῥῆξις
774 402 900 465 καὶ·
930 401 1171 484 φλάσις
1224 399 1264 483 ἢ
1312 402 1526 484 μούνη
1575 401 1843 484 φλάσις,
1903 398 2126 465 ἔπειτα
2181 404 2342 465 λαν-

205 524 213 561 ·1
306 507 485 593 θάνῃ
534 507 615 572 οὐ
662 506 1040 590 καταφανέα
1087 505 1300 571 ἐόντα.

433 630 740 696 Ἐπειδὰν
788 631 862 696 δὲ
908 630 1109 716 ξύσῃς
1162 631 1236 695 τὸ
1284 630 1517 697 ὀστέον
1570 638 1663 717 τῷ
1720 628 2022 716 ξυστῆρι,
2076 629 2163 713 ἣν
2214 631 2342 713 μὲν

255 763 278 802 5
311 739 470 824 δοκῇ
519 737 586 814 ἐς
629 741 861 823 πρίσιν
906 737 1188 820 ἀφήκειν
1242 738 1283 821 ἡ
1330 748 1569 822 τρῶσις
1622 746 1740 802 τοῦ
1798 737 2060 820 ὀστέου,
2116 740 2342 823 πρίειν

309 845 431 929 χρὴ
470 845 577 909 καὶ
616 844 696 910 οὐ
735 845 838 908 δεῖ
860 845 988 935 ιτὰς
1024 854 1199 930 τρεῖς
1234 843 1477 928 ἡμέρας
1508 844 1593 926 μὴ
1624 844 2064 930 ὑπερβάλλειν
2093 843 2341 929 ἀπρίω-

309 954 447 1035 τον,
472 1000 477 1005 ·
504 950 646 1015 ἀλλ’
692 949 766 1016 ἑν
811 951 1087 1035 ταύτῃσι
1134 953 1357 1035 πρίειν
1401 951 1614 1026 ἄλλως
1658 974 1728 1015 τε
1774 951 1880 1014 καὶ
1927 960 2042 1033 τῆς
2087 956 2341 1035 θερμῆς

311 1058 509 1144 ὥρης,
570 1056 657 1141 ἢν
721 1055 786 1134 ἐξ
844 1057 1045 1144 ἀρχῆς
1101 1057 1437 1142 λαμβάνῃς
1489 1057 1563 1121 τὸ
1623 1063 1794 1141 ἴημα.
1884 1056 1987 1147 ἢνΙ
2034 1057 2108 1121 δὲ
2175 1057 2340 1122 ὑπο-

309 1165 551 1249 πτεύῃς
603 1165 726 1246 μὲν
770 1165 844 1227 τὸ
892 1163 1124 1228 ὀστέον
1184 1162 1544 1250 ἐρρωγέναι
1594 1162 1635 1246 ἢ
1693 1164 2076 1247 πεφλάσθαι
2129 1162 2169 1247 ἢ
2227 1161 2341 1244 ἆμ-

230 1275 283 1333 1'0
312 1274 566 1357 φότερα
608 1280 834 1353 ταῦτα,
881 1272 1390 1357 τεκμαιρόμενος
1437 1270 1539 1335 ὅτι
1588 1272 1871 1356 ἰσχυρῶς
1915 1269 2226 1356 τέτρωται
2268 1268 2341 1334 ἐκ

310 1389 444 1443 τῶν
489 1380 707 1460 λόγων
751 1383 870 1441 τοῦ
916 1377 1322 1463 ’τρωματίου,
1383 1377 1493 1440 καὶ
1557 1377 1658 1441 ὅτι
1717 1376 1848 1441 ὑπὸ
1911 1375 2340 1462 ἰσχυροτέρου

310 1489 431 1549 τοῦ
476 1466 881 1570 τρώσαντος,
934 1481 1021 1566 ἢν
1065 1481 1287 1568 ἕτερος
1331 1481 1450 1567 ὑφ’
1504 1481 1731 1568 ἑτέρου
1789 1489 2047 1568 τρωθῇ,
2103 1475 2340 1555 καὶτὸ

310 1591 504 1674 βέλος
569 1590 698 1678 ὅτῳ
762 1589 1022 1676 ἐτρώθη
1091 1590 1192 1654 ὅτι
1258 1601 1393 1653 τῶν
1456 1590 1846 1676 κακούργων
1916 1589 2165 1672 βελέων
2236 1584 2342 1673 ἦν,

312 1696 533 1763 ἔπειτα
578 1698 696 1762 τὸν
745 1699 1107 1782 ἄνθρωπον
1162 1698 1222 1761 εἰ
1278 1698 1464 1772 δῖνός
1518 1719 1588 1761 τε
1646 1694 1883 1778 ἔλαβεν
1940 1696 2049 1760 καὶ
2109 1698 2344 1771 σκότος

236 1827 287 1867 15
316 1806 424 1869 καὶ
471 1806 529 1869 εἰ
577 1803 880 1889 ἐκαρώθη
929 1804 1037 1867 καὶ
1084 1801 1458 1885 κατέπεσεν,
1512 1804 1770 1867 τούτων
1824 1802 1898 1867 δὲ
1943 1802 2113 1867 οὕτω
2161 1826 2345 1884 γινο-

313 1894 552 1995 μένων,
612 1910 697 1994 ἢν
756 1911 843 1994 μὴ
902 1910 1373 1995 διαγινώσκῃς,
1434 1910 1493 1974 εἰ
1552 1906 1843 1998 ἔρρωγεν
1894 1909 1968 1974 τὸ
2022 1907 2256 1973 ὀστέον
2302 1907 2343 1992 ἢ

313 2017 684 2100 πέφλασται
728 2015 769 2099 ἢ
817 2017 925 2080 καὶ
974 2015 1313 2102 ἀμφότερα
1359 1997 1565 2081 ταῦτα
1619 2018 1785 2100 μηδὲ
1840 2017 2052 2092 ἄλλως
2111 2014 2344 2101 ὁρέων,

211 2144 313 2191 240
354 2124 455 2187 δεῖ
499 2124 582 2207 δὴ
606 2123 631 2208 Ι
672 2121 777 2186 ἐπὶ
824 2123 898 2186 τὸ
946 2120 1178 2187 ὀστέον
1222 2123 1297 2187 τὸ
1343 2123 1583 2206 τηκτὸν
1626 2124 1700 2187 τὸ
1745 2123 2150 2205 μελάντατον
2195 2122 2349 2187 δεύ-

317 2243 523 2316 σαντα
583 2235 676 2315 τῳ
734 2228 975 2309 μέλανι
1030 2230 1350 2317 φαρμάκῳ
1410 2237 1502 2317 τῷ
1558 2228 1892 2316 τηκομένῳ
1959 2233 2206 2293 στεῖλαι
2271 2231 2348 2294 τὸ

237 2361 287 2401 20
315 2334 501 2412 ἕλκος
519 2335 885 2424 Ἰὑποτείνας
919 2334 1200 2401 ὀθόνιον
1237 2334 1432 2422 ἐλαίῳ
1469 2333 1709 2418 τέγξαι,
1748 2330 1886 2399 εἶτα
1923 2335 2346 2412 καταπλάσας

462 2658 490 2705 1
528 2651 599 2721 μὴ
630 2651 754 2725 (Ec)
782 2654 934 2706 πολλ.
966 2671 1012 2705 τ.
1045 2650 1084 2705 ἕ.
1123 2650 1573 2721 προσγεγένηται,
1612 2648 1659 2721 ἆ.
1690 2673 1739 2706 κ.
1773 2654 1882 2720 φλ,
1920 2651 2063 2705 th.
2166 2669 2343 2719 προσ-

317 2719 542 2792 τένηται
578 2722 629 2775 V
838 2730 869 2777 2
916 2721 951 2791 ἢ
990 2722 1169 2792 μούνη
1208 2721 1410 2812 φλάσις
1454 2723 1516 2776 in
1560 2725 1722 2777 textu
1759 2722 2025 2775 omissum
2069 2721 2131 2775 in
2165 2739 2350 2793 marg.

318 2792 582 2847 inferiore
619 2793 746 2847 add.
784 2793 859 2846 Β53
1003 2799 1034 2846 5
1071 2796 1263 2868 Ιδοκειη
1301 2793 1367 2858 V,
1425 2791 1513 2865 -έῃ
1560 2793 1657 2847 rel.
1707 2794 1866 2848 codd.
2014 2792 2258 2862 ἀφήκειν
2300 2794 2350 2847 Β

321 2864 468 2917 Erm.
498 2864 626 2954 Pq.&
653 2862 893 2953 ἀφίκᾷἶΐ
920 2867 1038 2919 oetq
1115 2871 1176 2957 ε6
1214 2865 1280 2919 οὐ
1310 2864 1382 2955 δὴ
1419 2865 1483 2932 Β,
1521 2866 1587 2919 ού
1616 2867 1707 2919 δεῖ
1730 2864 1800 2932 N,
1839 2881 1945 2919 om.
1976 2864 2028 2918 V
2135 2869 2167 2917 8
2198 2863 2352 2935 ὥρη-

323 2952 755 3075 {3213320205'25’
791 2956 863 3075 ⁷3⁹
877 2935 944 3060 113
982 2935 1538 3094 ἑτερῖῗζῖἒυὲἒεὶοἷ
1563 3007 1609 3059 B
1710 2935 2202 3078 ,ῗαῗῖῖλοὲῗῗέἶ
2235 3023 2350 3084 om.

321 3077 411 3143 B¹,
448 3078 510 3148 in
543 3095 616 3131 m.
656 3076 832 3131 adeor.
865 3076 940 3129 Β2
1083 3083 1150 3130 14
1189 3096 1272 3131 οτι
1309 3094 1408 3147 pro
1446 3078 1497 3132 εἰ
1525 3077 1576 3130 V
1683 3075 1840 3141 δίνος
1865 3077 1917 3131 V
2022 3078 2181 3149 ἔλαβε
2219 3077 2271 3131 V

327 3153 393 3201 15
432 3148 482 3202 εἰ
519 3150 650 3201 ante
688 3147 838 3216 ἐκαρ.
878 3158 985 3201 om.‘
1012 3148 1064 3202 V
1161 3146 1424 3204 κατέπεσε
1460 3148 1512 3201 V
1623 3155 1689 3202 16
1728 3153 1967 3220 διαγιγν.
2005 3149 2051 3201 Β
2144 3148 2202 3217 ἔρ
2242 3170 2354 3220 ωγε

324 3210 376 3271 V
520 3223 585 3271 17
631 3217 765 3288 μήτε
802 3219 980 3286 codd,
1017 3218 1156 3288 ’μηδὲ
1191 3219 1353 3285 th„
1393 3219 1468 3288 μή
1501 3239 1556 3273 τι
1591 3219 1719 3273 Wb.
1851 3219 1998 3289 ὁρῶν
2035 3219 2087 3273 V
2245 3222 2357 3285 λως

327 3288 473 3358 ὁρῶν
512 3290 652 3359 δύνη
691 3288 754 3357 Ε,
793 3287 868 3343 ὄλ.
910 3289 1050 3358 ὁρᾶν
1089 3290 1230 3361 δύνῃ
1267 3290 1419 3355 Litt„
1470 3287 1514 3343 ὅ.
1555 3288 1730 3358 ὁρέων
1769 3291 1911 3362 δύνῃ
1949 3291 2047 3359 Pq.
2180 3295 2246 3344 18
2286 3293 2352 3346 τὸ

325 3380 526 3429 τηκτον
561 3360 624 3425 Β,
661 3358 848 3416 τίκτον
884 3360 949 3424 V,
1005 3360 1193 3427 τήκειν
1231 3378 1333 3431 pro
1369 3360 1431 3415 τὸ
1469 3380 1514 3416 τ.
1553 3361 1700 3431 vulg.
1902 3362 2103 3424 δεύσας
2137 3361 2238 3430 Pq.

324 3437 394 3484 19
434 3434 637 3486 στεῖλαι
672 3431 735 3498 Β,
774 3447 879 3484 om.
909 3430 962 3484 V
987 3431 1134 3501 vulg.
1234 3429 1299 3485 τό
1335 3451 1393 3485 τε
1424 3430 1529 3486 ἕλκ.
1558 3432 1724 3502 vulga,
1763 3452 1822 3487 τε
1860 3450 1965 3486 om.
1995 3432 2096 3485 BV
2205 3443 2353 3488 στεῖ-

324 3506 417 3557 λαι
438 3545 449 3556 .
476 3502 549 3556 τὸ.
569 3500 718 3575 (δὲ)
748 3500 853 3556 ἕλκ.
883 3502 1011 3556 Wb.
1156 3507 1223 3555 20
1258 3500 1454 3572 τέγξας
1488 3502 1730 3571 BVPq.,⁴
1757 3502 1944 3572 τέγξαι
1980 3503 2128 3573 vulg.
