2588 3876
457 155 629 206 ΠΕΡΙ
663 154 811 206 ΤΩΝ
846 156 944 207 ΕΝ
979 156 1315 206 ΚΕΦΑΛΗΙ
1349 155 1741 208 ΤΡΩΜΑΤΩΝ
1779 159 1863 208 20.
1895 161 1960 208 21
2134 155 2217 219 27

189 315 364 400 <τά>
409 338 478 380 τε
524 315 649 381 άπὸ
696 325 812 399 τῆς
858 317 1099 402 σαρκὸς
1141 321 1357 393 καλῶς
1400 314 1513 402 ἔχῃ
1571 316 1838 382 ἰδέσθαι
1890 317 2000 382 καὶ
2053 317 2219 383 τάπὸ

183 430 310 487 τοῦ
374 420 607 487 ὀστέου
664 424 776 488 καὶ
832 424 913 487 τὰ
974 421 1361 509 περιέχοντα
1423 424 1498 487 τὸ
1564 422 1749 500 ἕλκος
1810 421 1923 509 ἔχῃ
1987 427 2220 506 καλῶς,

183 530 367 612 ’πλὴν
412 537 531 594 τοῦ
578 530 933 613 οἰδήματος
975 537 1096 594 τοῦ
1144 527 1219 595 ἐν
1276 538 1370 618 τῷ
1426 531 1785 618 προσώπῳ,
1844 530 1956 594 καὶ
2014 531 2222 614 ἄλλην

183 635 534 721 ἁμαρτάδα
578 636 904 719 μηδεμίαν
947 632 1061 721 ἔχῃ
1106 637 1182 700 τὸ
1229 637 1472 720 οἴδημα
1523 645 1640 719 τῆς
1693 637 1893 721 ἄλλης
1947 638 2220 720 διαίτης,

180 742 433 807 τούτου
486 743 612 828 χρὴ
664 743 787 826 τὴν
843 742 1019 807 κάτω
1078 745 1340 826 κοιλίην
1393 742 1818 828 ὑποκαθῆραι
1877 743 2219 831 φαρμάκῳ,
2274 769 2299 808 5

184 849 221 914 ὅ
268 871 335 913 τι
380 850 587 934 χολὴν
632 849 794 932 ἄγει.
874 849 987 913 καὶ
1031 848 1204 914 οὕτω
1251 847 1716 935 καθαρθέντος
1761 849 1797 914 ὅ
1834 872 1904 914 τε
1938 850 2221 935 πυρετὸς

182 953 426 1040 ἀφίησι
485 957 595 1020 καὶ
647 956 723 1020 τὸ
780 956 1021 1039 οἴδημα
1077 958 1473 1020 καθίσταται
1531 957 1642 1021 καὶ
1698 956 1892 1040 ὑγιὴς
1948 959 2217 1039 γίνεται.

181 1063 256 1126 τὸ
313 1062 392 1127 δὲ
440 1062 791 1148 φάρμακον
843 1063 968 1148 χρὴ
1027 1062 1290 1126 διδόναι
1347 1063 1515 1148 πρὸς
1571 1063 1694 1146 τὴν
1757 1062 2044 1144 δύναμιν
2097 1071 2216 1127 τοῦ

30 1178 33 1191 “
104 1217 111 1221 .
182 1167 554 1255 ἀνθρώπου
601 1166 832 1254 ὁρέων,
880 1169 969 1245 ὡς
1013 1166 1098 1233 ἂν
1142 1164 1254 1253 ἔχῃ
1305 1168 1547 1252 ἰσχύος.

315 1276 425 1339 21.
494 1275 665 1361 Περὶ
711 1274 786 1339 δὲ
828 1278 1118 1361 πρίσιος,
1167 1275 1329 1340 ’ὅταν
1373 1268 1706 1360 καταλάβῃ
1763 1273 2014 1358 ἀνάγκη
2070 1285 2218 1361 πρῖ-
2246 1303 2299 1343 ιο

181 1398 293 1446 σαι
363 1383 753 1467 ἄνθρωπον,
823 1375 954 1447 ὧδε
1021 1382 1400 1465 γινώσκειν·
1463 1380 1548 1466 ἦν
1613 1379 1677 1459 ἐξ
1733 1380 1936 1467 ἀρχῆς
1993 1381 2218 1465 λαβὼν

180 1488 255 1552 τὸ
321 1493 484 1572 ἴημα
540 1491 763 1573 πρίῃς,
824 1487 907 1552 οὐ
962 1489 1086 1573 χρὴ
1141 1485 1436 1572 ε’κπρίειν
1488 1488 1564 1552 τὸ
1610 1487 1843 1553 ὀστέον
1887 1489 2052 1574 πρὸς
2095 1489 2217 1571 τὴν

180 1595 477 1677 μήνιγγα
521 1593 782 1659 αὐτίκα·
847 1594 930 1659 οὐ
976 1595 1101 1680 γὰρ
1149 1592 1475 1679 συμφέρει
1517 1594 1640 1677 τὴν
1682 1595 1971 1677 μήνιγγα
2013 1595 2218 1678 ψιλὴν

182 1696 355 1766 εἶναι
414 1708 538 1765 τοῦ
598 1699 832 1766 ὀστέου
892 1698 999 1766 ε’πὶ
1060 1702 1277 1765 πολὺν
1339 1702 1585 1786 χρόνον
1646 1699 2216 1783 κακοπαθέουσαν,

186 1806 347 1872 ἀλλὰ
386 1807 762 1872 τελευτῶσά
796 1830 877 1892 κῃ
915 1807 1026 1871 καὶ
1058 1807 1473 1890 διεμύδησεν.
1547 1802 1686 1870 ἔστι
1733 1805 1807 1870 δὲ
1851 1806 1963 1870 καὶ
1998 1805 2218 1892 ἕτερος
2244 1834 2295 1874 15

182 1916 521 1998 κίνδυνος,
566 1912 653 1998 ἢν
698 1913 935 1979 αὐτίκα
979 1911 1268 2000 ἀφαιρῇς
1311 1913 1478 2000 πρὸς
1515 1913 1637 1997 τὴν
1670 1913 1960 1997 μήνιγγα
1996 1910 2216 2000 ἐκπρί-

186 2038 301 2098 σας
343 2023 425 2087 τὸ
474 2020 726 2104 ὀστέον,
771 2031 1021 2107 τρῶσαι
1067 2018 1142 2085 ἐν
1185 2028 1278 2108 τῷ
1323 2017 1496 2107 ἔργῳ
1542 2028 1633 2107 τῷ
1678 2023 1904 2107 πρίονι
1940 2021 2063 2104 τὴν
2095 2023 2216 2105 μή-

182 2151 397 2211 νιγγα.
477 2125 643 2192 ἀλλὰ
686 2128 810 2212 χρὴ
853 2130 1154 2212 πρίοντα,
1196 2130 1206 2204 Ι
1256 2125 1527 2193 ἐπειδὰν
1569 2126 1801 2209 ὀλίγου
1846 2127 2023 2191 πάνυ
2070 2126 2186 2213 δέῃ
2216 2149 2318 2198 258

184 2234 668 2319 διαπεπρῖσθαι
725 2234 836 2298 καὶ
887 2234 1014 2317 ἤδη
1069 2241 1331 2315 κινῆται
1388 2234 1463 2298 τὸ
1518 2232 1768 2316 ὀστέον,
1826 2234 2215 2298 παύσασθαι

183 2343 468 2426 πρίοντα
503 2340 614 2405 καὶ
641 2338 759 2405 ἐᾶν
786 2338 895 2404 ἐπὶ
928 2339 1003 2404 τὸ
1042 2339 1415 2422 αὐτόματον
1450 2337 1816 2422 ἀποστῆναι
1849 2340 1926 2404 τὸ
1962 2338 2211 2405 ὀστέον.
2240 2369 2293 2409 20

186 2444 257 2509 ἐν
309 2449 442 2532 γὰρ
500 2454 593 2534 τῷ
648 2447 1026 2533 διαπριωτῷ
1088 2444 1294 2532 ὀστέῳ
1359 2446 1470 2511 καὶ
1532 2444 2035 2534 ἐπιλελειμμένῳ
2098 2455 2214 2528 τῆς

184 2555 450 2637 πρίσιος
495 2553 618 2618 οὐκ
671 2550 757 2617 ἂν
812 2550 1179 2636 ἐπιγένοιτο
1238 2552 1444 2616 κακὸν
1502 2550 1728 2617 οὐδέν·
1788 2553 2028 2617 λεπτὸν
2086 2553 2212 2638 γὰρ

328 2838 355 2886 1
388 2831 547 2957 <we
577 2832 708 2887 add.
735 2831 880 2886 th.
970 2831 1088 2903 ἔχοι
1115 2831 1294 2896 codd„
1325 2830 1420 2902 ἔχῃ
1447 2829 1593 2884 th.
1665 2827 1717 2883 τ’
1742 2830 1855 2885 ἀπὸ
1883 2831 1934 2885 V
2033 2838 2064 2885 2
2096 2832 2126 2887 ἔ
2157 2853 2214 2888 οι

186 2901 319 2968 ΜΝ,
361 2903 422 2975 ἔχ
566 2903 714 2974 vulg.
745 2902 888 2956 th.
1009 2907 1042 2955 4
1118 2901 1151 2971 ὴ
1189 2900 1253 2958 δὲ
1288 2899 1426 2970 μίαν
1453 2901 1505 2955 V
1613 2901 1730 2972 ἔχοι
1756 2901 1869 2956 NV
1894 2903 2063 2973 vulg„
2102 2854 2154 2959 ἔκ
2163 2923 2213 2959 ει

187 2970 259 3039 Μ,
297 2973 395 3046 ἔχῃ
524 2975 576 3028 d.
704 2979 734 3028 9
776 2973 923 3043 ὁρῶν
962 2923 1138 3038 codff„
1178 2972 1378 3041 scripsi
1406 2970 1581 3042 ὁρέων
1708 2978 1773 3027 12
1809 2982 2006 3043 περιῇς
2032 2991 2097 3028 co
2140 2975 2212 3042 d.‚

187 3041 351 3116 πρίῃς
380 3044 417 3098 S
515 3044 526 3057 '
573 3061 646 3100 er.
758 3051 825 3099 14
852 3045 1068 3099 πουλὺν
1095 3042 1235 3111 MN,
1263 3045 1391 3098 -λῦν
1418 3042 1470 3097 V
1554 3048 2003 3100 κακοπαθοῦσαν
2032 3046 2211 3114 codd„

188 3111 419 3171 -έουσαν
445 3116 536 3169 Rh
582 3159 592 3169 .
687 3120 754 3170 15
789 3113 1096 3170 τελευτῶσά
1120 3133 1199 3184 πη
1228 3113 1451 3184 (scripsi
1477 3135 1511 3169 κ
1549 3116 1570 3184 )
1598 3116 1696 3168 καὶ
1723 3118 1773 3172 δ.
1803 3114 2001 3184 MNV,
2029 3120 2214 3172 τελευ-

189 3194 347 3241 ταῖον
376 3185 527 3257 σάπη
564 3186 764 3258 (ἐσάπη
800 3186 901 3240 EL
929 3185 1188 3255 Littraei)
1225 3186 1323 3239 καὶ
1360 3189 1410 3241 δ.
1583 3228 1614 3252 .,
1650 3184 1917 3250 πολλάκις
1952 3186 2060 3257 γὰρ
2098 3191 2212 3244 διε-

193 3256 397 3326 μκῦδησε
427 3259 525 3312 καὶ
541 3260 846 3314 τελευτῶσα
874 3256 1053 3326 ἐσάπη
1072 3273 1173 3326 pro
1193 3255 1332 3311 ἀλλὰ
1355 3300 1366 3309 .
1391 3298 1401 3309 .
1427 3298 1437 3309 .
1460 3258 1601 3325 διεμ.
1617 3256 1761 3311 th.
1840 3263 1905 3312 16
1934 3256 2213 3329 ἀφαιρέης

194 3327 368 3394 codd„
397 3328 596 3398 scripsi
622 3333 717 3393 -”ς
817 3333 882 3382 18
922 3326 1111 3397 ὀλίγον
1140 3327 1302 3381 codd.
1332 3326 1464 3380 Litt.
1494 3326 1614 3395 Pq.‚
1653 3325 1842 3400 ὀλίγον
1870 3331 1974 3383 cet.
2006 3328 2137 3383 edit.

196 3399 257 3449 19
294 3398 535 3454 κινέεται
573 3349 753 3466 οοὲᾶ.,
791 3397 976 3469 -έηται
1009 3398 1179 3469 vulg„
1217 3397 1415 3467 scripsi
1453 3405 1611 3467 -ῆται
1748 3405 1814 3451 21
1856 3396 2098 3466 διαπρίω
2135 3406 2209 3451 τῶ

194 3516 372 3575 MNV
515 3521 921 3593 επειειημμένω
937 3513 1078 3588 MV,
1115 3489 1520 3590 ἐπειεκηὲῗμένω
1556 3520 1610 3574 N
