2588 3876
1046 601 1258 667 ΠΕΡΙ
1305 599 1640 667 ΑΓΜΩΝ.

115 770 206 836 ΠΙ,
229 776 334 825 412
354 769 413 822 L.
469 767 521 829 1.
570 761 811 848 Ἐχρῆν
849 763 965 828 τὸν
1003 762 1230 848 ἰητρὸν
1265 773 1402 827 τῶν
1437 760 1819 827 ἐκπτωσίων
1858 785 1929 826 τε
1969 736 2076 827 καὶ
2118 785 2380 846 κατηγ-

326 870 552 952 μάτων
587 868 676 945 ὥς
715 871 998 934 ἱθύτατα
1032 875 1376 935 ποιεῖσθαι
1411 870 1526 945 τὰς
1561 869 1977 945 κατατάσιας·
2024 869 2189 952 αὕτη
2227 870 2359 955 γὰρ

328 977 367 1060 ἡ
415 977 791 1060 δικαιοτάτη
836 976 1055 1061 φύσις.
1127 975 1213 1059 ἢν
1258 974 1338 1039 δέ
1377 998 1442 1039 τι
1488 973 1755 1061 ἐγκλίνῃ
1800 974 1842 1059 ἣ
1888 984 1966 1061 τῇ
2011 974 2052 1058 ἢ
2098 986 2199 1061 τῆ,
2247 974 2358 1041 ε’πὶ

274 1109 298 1148 5
326 1084 400 1148 τὸ
457 1083 701 1168 πρηνὲς
742 1081 1009 1169 ζρέπειν·
1075 1079 1372 1146 ἐλάσσων
1430 1083 1555 1167 γὰρ
1609 1081 1650 1165 ἡ
1698 1081 1986 1168 ἁμαρτὰς
2038 1081 2079 1165 ἢ
2127 1082 2235 1147 ἐπὶ
2280 1084 2357 1147 τὸ

325 1190 580 1255 ὕπτιον.
672 1192 742 1254 οἳ
780 1189 904 1271 μὲν
948 1183 1075 1253 οὖν
1115 1188 1326 1271 μηδὲν
1369 1189 1957 1273 προβουλεύονται,
2007 1187 2210 1253 οὐδὲν
2255 1186 2357 1266 ἐξ·

328 1296 825 1381 αμαρτάνουσιν
870 1295 960 1371 ὡς
1013 1293 1119 1359 ἐπὶ
1173 1295 1248 1359 τὸ
1302 1295 1499 1359 πολύ·
1566 1294 1763 1371 αὐτὸς
1814 1296 1941 1381 γὰρ
1999 1294 2037 1359 ὁ
2098 1293 2359 1361 ἐπιδεύ-

219 1421 325 1468 414
348 1425 547 1484 μενος
579 1403 702 1486 τὴν
737 1411 923 1487 χεῖρα
959 1399 1287 1486 ἆπορέγει,
1335 1401 1545 1477 οὕτως
1575 1399 1583 1486 Ι
1615 1401 1744 1466 ὑπὸ
1781 1411 1896 1486 τῆς
1934 1402 2189 1485 δικαίης
2225 1403 2357 1486 φύ-

328 1525 470 1584 σιος
517 1507 1050 1591 ἀναγκαζόμενος.
1141 1509 1205 1572 οὶ
1261 1508 1336 1572 δὲ
1392 1506 1604 1593 ἰητροὶ
1664 1510 2083 1592 σοφιζόμενοι
2138 1509 2356 1591 δῆθεν

248 1644 299 1683 10
326 1612 510 1680 ἔστιν
572 1618 642 1680 οἳ
691 1614 1200 1701 ἁμαρτάνουσιν.

459 1723 740 1805 Σπουδὴ
796 1722 919 1804 μὲν
964 1716 1090 1786 οὖν
1143 1722 1225 1786 οὐ
1277 1722 1489 1805 πολλὴ
1541 1732 1726 1807 χεῖρα
1778 1731 2176 1805 κατεηγυῖαν
2220 1746 2356 1806 χει-

327 1831 536 1913 ρίσαι,
599 1830 709 1892 καὶ
765 1829 1011 1904 παντὸς
1071 1828 1146 1892 δὲ
1210 1828 1468 1911 ἰητροῦ,
1533 1828 1622 1903 ὡς
1685 1830 1838 1904 ἔπος
1901 1829 2127 1893 εἰπεῖν.
2237 1827 2353 1893 άν-

327 1936 682 2018 αγκάζομαι
755 1934 829 1999 δὲ
898 1936 1100 1999 πλείω
1165 1935 1451 2019 γράφειν
1513 1933 1665 2021 περὶ
1730 1934 1958 2019 αὐτῆς,
2033 1936 2135 2002 ὅτι
2199 1930 2355 2001 οἶδα

329 2043 595 2126 ῑητροὺς
667 2043 919 2124 σοφοὺς
982 2041 1299 2117 δόξαντας
1369 2036 1542 2106 εἶναι
1613 2041 1740 2106 ἀπὸ
1813 2043 2159 2126 σχημάτων
2220 2067 2357 2127 χει-

247 2174 298 2215 15
327 2147 442 2232 ρὸς
495 2145 569 2211 ἐν
624 2144 936 2229 ἐπιὸέσει,
1001 2144 1116 2231 ἀφ’
1179 2141 1275 2212 ὧν
1329 2146 1623 2229 άμαθέας
1682 2148 1924 2224 αὐτοὺς
1981 2146 2181 2233 ἐχρῆν
2240 2151 2354 2214 δο-

327 2263 471 2317 κεῖν
523 2248 712 2317 εἶναι.
804 2251 968 2317 ἀλλὰ
1020 2254 1145 2338 γὰρ
1199 2254 1411 2318 πολλὰ
1460 2254 1633 2318 οὕτω
1678 2255 1919 2338 ταύτης
1962 2263 2076 2337 τῆς
2119 2253 2354 2339 τέχνης

326 2361 644 2444 κρίνεται·
703 2359 777 2423 τὸ
832 2361 957 2444 γὰρ
1004 2345 1394 2444 ξενοπρεπὲς
1438 2360 1621 2424 οὔπω
1670 2359 2033 2444 συνιέντες,
2088 2361 2148 2425 εἰ
2192 2384 2351 2446 χρη-

326 2468 505 2548 στόν,
567 2463 677 2530 καὶ
735 2470 989 2550 μᾶλλον
1046 2463 1469 2531 ἐπαινέουσιν
1521 2465 1561 2549 ἢ
1617 2466 1691 2530 τὸ
1748 2467 2067 2549 σύνηθες,
2126 2465 2162 2531 ὃ
2218 2469 2350 2551 ἤδη

467 2663 499 2710 3
535 2656 833 2712 ποιέεσθαι
867 2660 934 2711 ut
968 2657 1151 2712 solent
1186 2658 1346 2712 codd.
1468 2677 1514 2712 τ.
1551 2656 1891 2722 κατατάσιας
1926 2657 2243 2727 (καταστάσ.
2275 2659 2350 2729 V)

324 2746 382 2782 π.
421 2727 540 2782 MV
646 2749 788 2799 αντη
824 2729 887 2794 Β,
923 2725 951 2747 “’
979 2729 1108 2783 add.
1145 2728 1236 2796 B²‚
1273 2728 1415 2797 αὐτὴ
1452 2728 1512 2781 Μ
1650 2735 1687 2782 4
1723 2729 1865 2784 ἐκκλ.
1905 2728 1957 2782 V
2098 2734 2147 2782 4.
2180 2735 2212 2783 5
2252 2729 2351 2785 ἐπὶ

323 2799 386 2853 τὸ
423 2818 550 2922 no}
573 2799 634 2853 in
668 2816 794 2854 raso
832 2799 974 2868 1000,
1010 2820 1103 2863 νες
1139 2819 1329 2869 ρεπειν
1366 2801 1425 2854 et
1462 2800 1533 2854 ab
1571 2801 1693 2854 ead.
1731 2819 1802 2853 m.
1842 2800 1879 2853 i.
1916 2818 1988 2853 m.
2029 2801 2087 2854 et
2124 2816 2158 2853 a.
2193 2817 2347 2857 man.

327 2875 358 2922 3
398 2887 467 2923 ss,
695 2876 727 2924 5
765 2870 1086 2941 αμαρτάσης
1120 2892 1155 2941 η
1194 2871 1286 2926 ἐπὶ
1322 2871 1386 2939 Β,
1424 2887 1559 2925 corr.
1598 2871 1673 2924 Β*
1817 2877 1848 2924 6
1887 2870 1942 2926 οὶ
1978 2871 2085 2924 ΒΜ
2203 2891 2351 2941 προ-

325 2940 681 3011 βουλεύοντες
715 2941 760 2994 Β
907 2948 935 2995 7
973 2943 1152 2997 πουλὺ
1189 2942 1249 2994 Μ
1391 2940 1635 3011 επιδεόμ.
1673 2941 1764 3009 Βῑ,
1809 2944 1945 2996 mut.
1984 2943 2045 2995 in
2082 2941 2351 3012 ἐπιθησό-

325 3031 491 3080 μενος
524 3011 613 3079 B⁸‚
651 3034 734 3081 γρ.
772 3015 870 3067 καὶ
905 3011 1303 3082 ἐπιδησόμενος
1335 3011 1373 3065 i.
1409 3032 1482 3067 m.
1521 3014 1644 3067 ead.
1672 3031 1744 3066 m.
1775 3012 1835 3065 M
1870 3013 1960 3083 (cf.
1992 3012 2114 3067 Gal.
2145 3030 2346 3068 comm.

324 3081 519 3149 XVIII,
549 3089 598 3150 2,
627 3084 751 3151 337)
915 3089 980 3137 10
1023 3084 1169 3140 ἐστὶν
1208 3083 1262 3138 οἱ
1298 3084 1438 3151 ΒΜ,
1478 3084 1624 3140 ἐστὶν
1660 3084 1772 3154 ἄρα
1811 3081 1904 3154 ἐφ’
1939 3080 2026 3148 οἷς
2060 3083 2153 3153 ἅμ.
2192 3084 2345 3139 Erm.

325 3154 425 3222 Pq.
464 3169 533 3207 ex
574 3153 726 3208 Parr.
765 3154 1137 3208 DMNFHIJ
1146 3155 1197 3208 K
1302 3153 1687 3225 ἁμαρτάνουσι
1722 3155 1774 3209 V
1918 3161 1981 3209 11
2032 3156 2098 3210 οὐ
2147 3172 2253 3209 om.
2294 3156 2350 3211 V

429 3233 738 3295 κατηγυΐαν
782 3225 972 3291 ΒΜῪ,
1019 3244 1236 3296 κατεηγ.
1284 3226 1448 3294 Bosq.
1633 3232 1697 3279 13
1746 3228 1876 3280 ante
1921 3231 2008 3281 πλ.
2057 3226 2187 3280 add.
2236 3227 2346 3298 ἐγὼ

325 3296 484 3351 codd.
513 3312 620 3350 ree.
650 3295 774 3364 Pq.,
815 3313 919 3350 om.
949 3296 1125 3350 ΒΜῪ
1222 3295 1425 3367 αὐτέης
1458 3298 1529 3363 Β,
1567 3295 1692 3352 -έου
1727 3297 1847 3352 MV
2026 3303 2093 3351 14
2132 3300 2351 3367 σοφοὺς

326 3385 432 3422 om.
470 3366 522 3420 V
569 3391 575 3396 ·
694 3372 759 3421 15
799 3366 1031 3431 αὐτέους
1068 3410 1081 3423 .
1113 3410 1123 3423 .
1157 3410 1168 3420 .
1207 3366 1425 3425 δοκέειν
1464 3368 1622 3421 codd.
1798 3374 1864 3423 16
1902 3369 2040 3423 ἄλλα
2076 3368 2215 3435 ΒΜ,
2275 3387 2348 3424 ex

325 3438 463 3494 ἀλλὰ
491 3437 541 3491 V
630 3437 806 3501 οὕτως
832 3438 877 3490 Β
973 3447 1072 3509 τῆς
1095 3436 1292 3510 τέχνης
1317 3439 1523 3508 ταύτης
1549 3439 1600 3493 V
1713 3445 1796 3494 1⁷.
1830 3444 1895 3494 18
1936 3440 2001 3494 οὐ
2029 3439 2350 3505 ξυνιένταις

326 3511 406 3574 εἰς
440 3531 524 3583 χρ.
563 3510 662 3565 καὶ
697 3511 850 3579 μᾶλλ.
887 3509 949 3575 Β,
986 3512 1084 3564 καὶ
1120 3526 1224 3586 qm.
1265 3512 1368 3564 oet.
1492 3515 1555 3564 17
1594 3511 1710 3575 ξυν.
1749 3510 1801 3566 V
1909 3516 1974 3565 18
2012 3511 2258 3581 ξύνηθες
2294 3512 2349 3566 Ὺ
