2588 3876
2222 71 2255 98 Q

332 139 422 203 44
551 123 554 128 ’
971 188 976 193 .
1013 135 1175 191 KAT’
1218 141 1562 192 ΙΗΤΡΕῙΟΝ
1601 144 1668 192 24

333 300 558 385 ὑγιέος
585 299 860 385 ἐπιδεῖν,
890 301 980 378 ὡς
1006 300 1091 365 ἂν
1119 299 1184 378 ἐξ
1215 299 1574 387 ἐπιδρομῆς
1602 302 1681 366 τὰ
1708 300 2135 385 συντακέντα,
2151 299 2366 366 πλέον

229 424 330 473 332
351 407 392 491 ἢ
422 407 756 489 αὐτόματα
785 404 1129 495 ε’μιξνύθει,
1167 406 1397 492 ἀλλοίη
1428 417 1506 494 τῇ
1535 406 1821 473 ἐπιὸέσει
1851 404 2366 493 παραλλάξαντα

298 548 313 567 ι
334 512 599 600 ἐκκλίνῃ
657 512 724 590 ἐς
777 515 901 598 τὴν
959 511 1235 598 αὔξησιν
1287 511 1399 578 καὶ
1463 513 1837 579 ἀνάπλασιν
1893 525 2030 579 τῶν
2092 524 2361 600 σαρκῶν

332 623 698 705 ποιήσηται.
785 620 1052 703 βέλτιον
1115 616 1189 685 δὲ
1251 618 1363 685 καὶ
1425 622 1507 685 τὰ
1569 622 1839 685 ἄνωθεν
1898 613 2048 686 οἷον
2105 624 2360 706 κνήμης

280 753 305 793 5
333 725 441 791 καὶ
486 728 609 793 τὸν
650 729 866 812 μηρὸν
909 726 1020 791 καὶ
1065 727 1140 791 τὸ
1186 725 1417 813 ἕτερον
1464 726 1696 804 σκέλος
1740 729 1814 792 τὸ
1860 724 2044 811 ὑγιὲς
2085 744 2358 792 συνεπι-

333 833 497 917 ὃεῖν,
553 834 640 911 ὡς
686 833 1073 919 ὁμοιότερον
1119 825 1161 920 ᾖ
1204 831 1317 898 καὶ
1373 833 1616 918 ὁμοίως
1671 833 1897 919 ἐλινύῃ
1943 831 2055 898 καὶ
2111 833 2362 918 ὁμοίως

331 951 446 1024 τῆς
490 949 743 1027 τροφῆς
779 938 1203 1024 ἀποκλείηται
1237 939 1350 1005 καὶ
1394 939 1676 1025 δέχηται.
1749 940 2046 1006 ὀθονίων
2088 944 2363 1024 πλήθει,

332 1049 420 1131 μὴ
464 1045 685 1125 πιέξει.
775 1046 1042 1112 ἀνιέντα
1097 1057 1369 1133 πρῶτον
1412 1047 1487 1111 τὸ
1544 1048 1826 1132 μάλιστα
1880 1047 2200 1132 δεόμενον
2244 1045 2360 1112 καὶ

333 1153 679 1238 ἀνατρίψει
741 1156 1084 1238 χρώμενον
1147 1154 1516 1239 σαρκούσῃ,
1579 1152 1689 1218 καὶ
1751 1155 2129 1237 καταχύσει·
2193 1155 2358 1218 ἄνευ

254 1287 305 1326 10
333 1263 709 1344 ναρθήκων.
751 1258 760 1346 Ι

225 1383 330 1431 334
465 1364 568 1430 25.
613 1367 708 1431 Τὰ
743 1366 819 1431 δὲ
856 1365 1232 1453 ἑρμάσματα
1271 1365 1383 1432 καὶ
1421 1365 1980 1451 ἀποστηρίγματα,
2019 1359 2168 1432 οἷον
2205 1370 2358 1450 στή-

330 1478 463 1556 θει,
489 1478 842 1559 πλευρῇσι,
879 1478 1131 1559 κεφαλῇ
1168 1472 1279 1538 καὶ
1320 1483 1536 1539 τοῖσιν
1573 1475 1877 1539 ἄλλοισιν
1904 1473 2026 1538 ὅσα
2060 1482 2356 1556 τοιαῦτα,

332 1579 413 1643 τὰ
456 1574 578 1661 μὲν
622 1589 950 1663 σφυγμῶν
996 1580 1268 1665 εἵνεκεν,
1316 1580 1408 1656 ὡς
1451 1581 1538 1665 μὴ
1588 1579 1943 1663 ἐνσείηται,
1999 1581 2079 1644 τὰ
2125 1576 2199 1644 δὲ
2243 1579 2356 1645 καὶ

331 1696 464 1750 τῶν
511 1685 913 1751 ὃιαστασίων
958 1695 1093 1751 τῶν
1127 1687 1293 1751 κατὰ
1337 1687 1453 1763 τὰς
1491 1685 1812 1771 ἁρμονίας
1857 1684 1931 1751 ἐν
1972 1696 2146 1751 τοῖσι
2191 1688 2357 1751 κατὰ

252 1820 302 1860 15
331 1792 453 1875 τὴν
495 1793 812 1877 κεφαλὴν,
837 1792 1091 1869 ὀστέοις
1146 1790 1549 1878 ἐρεισμάτων
1602 1793 1799 1878 χάριν
1852 1790 1967 1856 ἐπί
2014 1814 2085 1856 τε
2129 1794 2357 1876 βηχῶν

328 1897 369 1983 ἢ
425 1909 741 1986 πταρμῶν
794 1898 834 1982 ἢ
900 1900 1101 1984 ἄλλης
1154 1902 1482 1984 κινήσιος,
1544 1891 1653 1965 οἷα
1716 1900 1797 1965 τὰ
1858 1900 2023 1965 κατὰ
2077 1900 2362 1986 θώρηκα

330 2003 440 2069 καὶ
483 2008 780 2090 κεφαλὴν
823 2005 1361 2093 ἀποστηρίγματα
1397 2009 1668 2089 γίνεται.
1740 2007 1999 2072 τούτων
2044 2005 2360 2071 ἁπάντων

331 2112 398 2175 αἱ
457 2109 650 2175 αὐταὶ
706 2114 1098 2198 συμμετρίαι
1160 2121 1273 2195 τῆς
1330 2111 1686 2188 ἐπιὸέσιος·
1751 2103 1793 2199 ᾖ
1853 2114 1981 2199 γὰρ
2042 2113 2123 2177 τὰ
2182 2114 2359 2196 σίνη,

477 2381 505 2428 1
544 2393 601 2429 τε
630 2374 705 2437 ὡς
738 2373 800 2439 Β,
837 2393 897 2428 τε
926 2374 1033 2427 del.
1062 2374 1154 2442 B⁸,
1192 2373 1296 2438 ἕως
1321 2373 1372 2428 V
1442 2374 1512 2429 τὰ
1549 2391 1654 2428 om.
1683 2374 1833 2441 B¹V,
1873 2393 1943 2429 se.
1972 2375 2047 2428 B⁸
2117 2376 2263 2440 ξυντ.
2296 2375 2356 2428 Μ

476 2452 521 2500 1.
554 2451 583 2499 2
621 2449 828 2500 πλεονα
864 2466 900 2514 η
938 2446 1224 2515 αὐτοματα
1260 2445 1340 2516 ἐμ.
1379 2445 1453 2499 Βι
1488 2448 1625 2500 mut.
1665 2446 1725 2500 in
1761 2450 1929 2503 πλεον
1965 2468 2000 2516 η
2039 2464 2171 2502 οσον
2209 2467 2356 2501 αυτα

331 2517 411 2587 ἐμ.
442 2517 517 2570 B⁸
623 2517 863 2587 ἐμινύθη
900 2515 984 2583 Μ,
1032 2515 1312 2587 ἑμμινύθη
1360 2533 1494 2571 corr.
1536 2534 1604 2571 ex
1641 2521 1763 2571 -θει
1800 2517 1852 2571 V
1958 2516 2282 2586 πλησθέντα
2321 2509 2358 2590 ᾗ

332 2622 599 2693 ἐμίνυθεν
624 2623 769 2677 th..
881 2628 912 2676 2
951 2620 987 2691 ἢ
1015 2607 1274 2692 αλλόῗτῖη
1304 2624 1365 2688 εξ
1389 2627 1631 2679 επειδεσι
1657 2623 1749 2691 13¹,
1786 2641 1857 2679 ss,
1889 2626 1947 2677 et
1971 2644 2036 2693 τη
2066 2624 2123 2690 εξ
2152 2623 2259 2677 del.
2280 2624 2360 2676 B³

403 2694 508 2760 ἕξει
545 2711 645 2765 pro
684 2696 830 2749 ἐπιδ.
860 2692 911 2746 V
1012 2699 1051 2760 ,3
1090 2692 1326 2749 ἐκκλίνει
1363 2694 1423 2748 Μ
1504 2697 1637 2749 ante
1674 2696 1876 2750 ἀναπλ.
1916 2695 2044 2748 add.
2082 2695 2186 2764 τὴν
2223 2694 2283 2748 Μ

330 2772 362 2818 4
400 2764 581 2837 κνήμῃ
621 2787 668 2820 κ.
706 2785 754 2819 τ.
792 2786 866 2835 μ.,
902 2769 1057 2834 μηρῶ
1085 2764 1148 2820 δὲ
1184 2787 1233 2820 κ.
1271 2785 1318 2819 τ.
1357 2765 1394 2820 ἔ.
1436 2781 1519 2821 σκ.
1558 2766 1703 2820 th.
1851 2771 1882 2819 ὅ
1927 2775 2040 2821 τῶν
2076 2774 2267 2836 μηρῶν
2304 2765 2356 2820 V

399 2836 462 2890 τὸ
494 2836 646 2907 ὑγιὲς
680 2835 875 2902 BMV,
913 2841 990 2909 τῷ
1009 2819 1159 2907 ὗγιεῖ
1190 2836 1338 2906 vulg.
1369 2837 1467 2906 Pq.
1578 2843 1610 2890 6
1648 2834 1684 2906 ἢ
1715 2835 1767 2890 V
1839 2837 1941 2892 ἐλλ.
1972 2836 2024 2891 V
2125 2842 2154 2891 7
2193 2837 2361 2892 καθὰ

330 2904 612 2976 ἐνδέχεται
647 2906 793 2960 th.
941 2913 973 2960 8
1011 2906 1073 2963 ὲν
1112 2907 1219 2973 ἔξει
1254 2924 1357 2976 pro
1394 2906 1569 2973 πιέξει
1605 2907 1656 2962 V
1761 2904 1908 2978 λεόμ.
1946 2907 1998 2961 V
2142 2914 2173 2962 9
2247 2910 2356 2977 ρώ-

330 2995 494 3045 μενος
529 2977 575 3031 Β
648 2995 943 3045 σαρκουσει
980 2978 1026 3031 Β
1137 2984 1201 3032 11
1241 2978 1456 3050 ἑρμέσμ.
1493 2978 1539 3031 Β
1652 2984 1716 3032 12
1758 2988 1902 3033 τοῖσι
1939 2978 2153 3034 ἄλλοισι
2188 2930 2249 3032 Μ

333 3052 398 3100 13
438 3046 536 3103 εἴν.
566 3065 672 3102 om.
702 3048 762 3101 M
831 3048 902 3102 τὰ
941 3049 1002 3104 δὲ
1030 3052 1161 3104 ante
1195 3048 1287 3104 ἐπί
1313 3069 1372 3104 τε
1400 3052 1449 3122 β.
1481 3051 1590 3120 (15)
1624 3052 1837 3119 transp.
1866 3049 2011 3103 th.
2126 3055 2192 3105 14
2230 3054 2357 3106 δια-

330 3118 570 3174 στάσιων
608 3119 729 3189 (sie)
767 3118 958 3185 ΒΗΚ,
996 3142 1139 3190 -ηων
1175 3120 1241 3186 V,
1281 3140 1416 3177 -εων
1452 3121 1601 3191 vulg.
1727 3127 1792 3174 15
1840 3120 2044 3177 ὀστέων
2081 3121 2142 3174 Μ
2213 3119 2355 3187 ἐρεί-

330 3206 449 3253 σιος
490 3189 637 3243 th.
747 3188 869 3245 ἐπεί
903 3190 963 3242 Μ
1049 3191 1121 3263 βή
1156 3210 1263 3246 εων
1300 3192 1418 3246 ΒΜ
1563 3198 1629 3245 16
1673 3191 1970 3262 πταρμέων
2005 3191 2122 3246 ΒΜ
2228 3188 2354 3248 οἷον

329 3261 389 3314 Μ
460 3259 586 3324 οἵας
622 3256 725 3316 οὖν
761 3278 863 3331 pro
900 3258 996 3316 οἶα
1031 3261 1102 3315 τὰ
1187 3262 1282 3316 hd.
1396 3268 1461 3317 17
1500 3261 1641 3333 γίγν.
1680 3263 1740 3315 Μ
1811 3264 2075 3332 ἀποστηρ.
2105 3260 2212 3332 γίν.
2244 3278 2356 3318 om.

328 3331 472 3384 th.
545 3332 759 3386 τούτων
787 3330 854 3397 V,
891 3331 1131 3388 τουτέων
1170 3335 1272 3387 cet.
1350 3334 1618 3389 ἁπάντων
1647 3350 1754 3388 om.
1784 3334 1857 3400 M,
1899 3332 2021 3387 Gal.
2052 3333 2145 3387 cit.
2176 3338 2280 3386 923

332 3442 397 3491 18
436 3423 700 3493 αἱῃᾶυται
735 3438 799 3503 Β,
839 3456 909 3492 ss.
938 3439 1014 3492 Β3
1094 3440 1252 3509 ξυμμ.
1294 3440 1454 3493 codd.
1538 3439 1834 3505 ἑπιδέσεως
1869 3441 1929 3494 Μ
2010 3440 2061 3494 εἰ
2096 3455 2197 3509 pro
2236 3430 2272 3512 ᾗ
2308 3440 2365 3493 Β

401 3511 530 3578 post
568 3501 603 3583 ᾗ
640 3509 768 3563 add.
809 3509 909 3579 μὲν
944 3509 1004 3562 Μ
1075 3528 1200 3564 τασι
1238 3508 1273 3579 ἢ
1312 3510 1357 3564 Β
2021 3525 2027 3530 ”
