2588 3876
436 140 565 204 190
973 144 1149 195 ΠΕΡΙ
1183 141 1476 195 ΑΡΘΡῼΝ
1510 143 1873 197 ΕΜΒΟΛΗΣ
1907 144 1974 193 52

566 301 671 367 52.
733 295 886 369 Οἷσι
944 299 1068 388 μὲν
1126 302 1213 368 ἀν
1271 297 1398 368 οὖν
1456 301 1753 369 ἐκπεσὼν
1810 304 1898 387 μὴ
1954 301 2229 389 ἐμπέσῃ,
2285 303 2430 369 ἀλλὰ

430 417 865 496 καταπορηθῇ
901 409 1012 475 καὶ
1049 409 1379 496 ἀμεληθῇ,
1423 410 1466 492 ἤ
1500 433 1573 475 τε
1611 410 1956 495 ὁδοιπορίη
1994 410 2429 495 περιφοράδην

431 525 551 582 τοῦ
599 517 862 594 σκέλεος
909 518 1125 604 ὥσπερ
1170 529 1346 583 τοῖσι
1391 515 1635 599 βουσὶν
1679 519 1933 599 γίνεται
1985 515 2097 582 καὶ
2141 517 2183 600 ἡ
2229 519 2428 601 ὅχησις

428 626 698 707 πλείστη
757 624 1060 690 αὐτοῖσιν
1116 623 1222 689 ἐπὶ
1276 633 1398 690 τοῦ
1456 624 1681 707 ὑγιέος
1740 623 2005 700 wude
2057 622 2255 689 ἐστιν.
2332 622 2425 689 καὶ

378 754 403 796 5
431 730 909 814 ἀναγκάζονται
961 733 1125 796 κατὰ
1178 732 1298 797 τὸν
1350 742 1643 796 κενεῶνα
1697 728 1809 796 καί
1863 732 2028 796 κατὰ
2071 732 2146 796 τὸ
2193 733 2426 815 ἄρθρον

429 838 504 902 τὸ
560 835 973 915 ἐκπεπτωκὸς
1025 843 1241 904 κοῖλοι
1293 836 1407 902 καὶ
1459 836 1717 903 σκολιοὶ
1769 833 1968 903 εἶναι·
2031 839 2197 902 κατὰ
2249 838 2319 903 δὲ
2362 837 2424 901 τὸ

426 943 614 1026 ὑγιὲς
648 943 715 1020 ἐς
750 946 824 1009 τὸ
861 941 985 1023 ἔξω
1023 945 1059 1011 ὁ
1088 946 1370 1028 γλουτὸς
1406 943 1833 1027 ἀναγκάζεται
1868 945 2228 1030 περιφερὴς
2254 937 2424 1009 εἶναι·

430 1052 490 1116 εἰ
548 1051 673 1136 γάρ
732 1075 833 1128 τις
887 1049 1009 1129 ἔξω
1068 1060 1161 1139 τῷ
1218 1052 1378 1116 ποδὶ
1435 1059 1556 1116 τοῦ
1614 1040 1857 1134 ὑγιέος’
1898 1050 2165 1128 σκέλεος
2208 1053 2424 1134 βαίνοι,

429 1157 729 1223 ἀπωθέοι
774 1157 859 1223 ἂν
902 1160 977 1223 τὸ
1026 1169 1212 1242 σῶμα
1254 1159 1333 1223 τὸ
1369 1160 1529 1223 ἄλλο
1568 1156 1676 1222 ἐπὶ
1711 1166 1832 1222 τοῦ
1871 1167 2154 1244 σιναροῦ
2193 1157 2424 1232 σκέλεος

349 1290 401 1331 ιο
426 1265 550 1348 τὴν
594 1267 834 1349 ὄχησιν
873 1272 1247 1330 ποιεῖσθαι·
1304 1266 1381 1330 τὸ
1430 1265 1506 1329 δὲ
1549 1266 1829 1350 σιναρὸν
1873 1265 2000 1330 οὐκ
2044 1264 2132 1329 ἂν
2177 1266 2422 1330 δύναιτο

428 1371 607 1455 ὀχεῖν
623 1391 637 1405 ·
708 1382 847 1448 πῶς
909 1372 1066 1456 γάρ;
1137 1371 1565 1455 ἀναγκάζεται
1638 1366 1769 1436 οὖν
1847 1371 2023 1436 οῧνω
2094 1374 2259 1437 κατὰ
2320 1379 2423 1435 τοῦ

424 1477 649 1561 ὑγιέος
707 1478 971 1555 σκέλεος
1026 1486 1119 1566 τῷ
1177 1476 1337 1544 ποδὶ
1396 1476 1525 1543 ἔσω
1582 1481 1870 1561 βαίνειν,
1935 1478 2105 1543 ἀλλὰ
2161 1480 2249 1562 μὴ
2299 1475 2422 1554 ἔξω·

428 1584 601 1663 οὕτω
666 1586 793 1669 γὰρ
858 1585 998 1670 ὀχεῖ
1049 1586 1331 1669 μάλιστα
1396 1587 1471 1650 τὸ
1533 1585 1766 1662 σκέλος
1822 1586 1896 1650 τὸ
1951 1585 2138 1668 ὑγιὲς
2200 1586 2302 1650 καὶ
2361 1584 2421 1648 τὸ

430 1689 683 1757 ἑωυτοῦ
721 1692 921 1777 μέρος
964 1701 1087 1757 τοῦ
1126 1692 1423 1773 σώματος
1459 1693 1568 1756 καὶ
1603 1694 1681 1757 τὸ
1717 1701 1838 1756 τοῦ
1878 1701 2160 1777 σιναροῦ
2190 1692 2424 1766 σκέλεος

347 1824 398 1865 1⁵
426 1798 641 1884 μέρος.
731 1802 1224 1883 κοιλαινόμενοι
1271 1799 1348 1864 δὲ
1398 1800 1564 1863 κατὰ
1615 1799 1736 1863 τὸν
1788 1810 2079 1864 κενεῶνα
2132 1797 2241 1863 καὶ
2283 1797 2421 1862 κατὰ

424 1908 505 1972 τὰ
550 1908 774 1992 ἄρθρα
828 1904 1093 1991 σμικροὶ
1150 1908 1508 1990 φαίνονται
1560 1905 1670 1970 καὶ
1716 1904 1891 1994 ξύλῳ
1944 1929 2034 1994 τῳ
2085 1904 2418 1990 ἀντερείὸε,

425 2020 591 2078 σθαι
620 2013 1099 2097 ἀναγκάζονται
1126 2014 1398 2096 πλάγιοι
1425 2013 1587 2077 κατὰ
1623 2014 1699 2078 τὸ
1728 2013 1914 2096 ὑγιὲς
1940 2011 2205 2089 σκέλος’
2262 2011 2420 2077 δέον-

318 2136 426 2184 228Ὶ
442 2142 548 2184 ται
594 2120 720 2203 γὰρ
768 2119 1277 2196 ἀντικοντώσιος
1311 2120 1542 2205 ταύτῃ·
1575 2116 1582 2207 Ι
1617 2118 1722 2184 ἐπὶ
1758 2128 1955 2184 τοῦτο
1985 2120 2112 2204 γὰρ
2151 2120 2216 2185 οἱ
2250 2123 2420 2201 γλου-

422 2223 527 2290 τοὶ
573 2225 878 2310 ῥέπουσι,
933 2227 1043 2291 καὶ
1086 2229 1162 2293 τὸ
1209 2228 1421 2310 ἄχθος
1471 2235 1592 2291 τοῦ
1649 2226 1946 2311 σώματος
1998 2225 2279 2308 ἐγκεῖται
2330 2220 2420 2288 ἐπὶ

344 2360 397 2401 20
422 2340 640 2397 τοῦτο.
713 2332 1188 2415 ἀναγκάζονται
1226 2333 1301 2397 δὲ
1337 2331 1448 2397 καὶ
1485 2331 1895 2398 ἐπικύπτειν·
1940 2334 2064 2416 τὴν
2101 2334 2226 2416 γὰρ
2261 2339 2421 2417 χεῖρα

422 2440 571 2523 τὴν·
606 2440 770 2504 κατὰ
831 2441 905 2505 τὸ
972 2439 1203 2515 σκέλος
1266 2440 1341 2504 τὸ
1408 2441 1687 2524 σιναρὸν
1749 2438 2229 2522 ἀναγκάζονται
2279 2435 2420 2502 κατὰ

420 2547 709 2629 πλάγιον
751 2547 872 2611 τὸν
924 2549 1139 2632 μηρὸν
1193 2544 1501 2631 ἐρείδειν·
1565 2546 1647 2610 οὐ
1703 2546 1828 2632 γὰρ
1887 2546 2168 2611 δύναται
2220 2546 2289 2610 τὸ
2339 2558 2419 2607 σι-

565 2691 593 2739 1
644 2681 730 2747 οἷς
762 2685 808 2738 Β
883 2684 983 2740 ἐὰν
1018 2702 1120 2754 pro
1160 2681 1270 2739 οἶσι
1307 2682 1475 2755 μὲν’“
1444 2705 1518 2739 αν
1543 2685 1648 2754 A.
1795 2690 1828 2738 2
1865 2685 1964 2739 καὶ
2001 2686 2094 2753 ἀμ.
2134 2702 2236 2739 om.
2264 2684 2359 2752 Ap.

421 2756 658 2825 ὁδοιπορ
662 2755 746 2826 εἰη
775 2757 822 2809 Β
950 2762 981 2809 3
1017 2766 1136 2819 τοῖς
1161 2757 1283 2823 ΒΓ,
1322 2757 1384 2811 ἐν
1419 2765 1536 2819 τοῖς
1562 2704 1667 2825 Ap.
1753 2757 1916 2826 βουσὶ
1951 2755 2077 2809 MV
2200 2760 2248 2808 3.
2276 2760 2307 2807 4
2339 2750 2421 2806 καὶ

420 2827 458 2897 ἡ
497 2827 726 2898 ὅχησις.
806 2826 1067 2889 ,σκέλεός
1104 2828 1251 2882 ἐστιν
1288 2843 1395 2880 om.
1436 2831 1488 2881 Γ
1607 2827 1644 2896 ἡ
1682 2843 1787 2881 om.
1826 2826 1949 2880 MV
2070 2825 2301 2897 ὄγκωσις
2329 2825 2418 2892 Ap.

528 2904 562 2951 4
599 2897 845 2953 αὐτέοισι
881 2899 926 2951 Β
1038 2897 1150 2953 ἐστί
1186 2898 1238 2952 V
1348 2899 1495 2954 ἐστιν
1531 2896 1602 2967 ἣν
1638 2899 1953 2968 ἀναγκαιον
1988 2897 2059 2951 τὰ
2096 2918 2241 2952 κατα
2266 2899 2359 2965 ΑΡ.

421 2975 452 3024 5
505 2966 540 3037 ἢ
576 2987 678 3039 pro
717 2971 815 3024 καὶ
850 2969 972 3022 MV
1117 2975 1149 3024 6
1203 2970 1383 3024 κοιλοὶ
1427 2969 1541 3023 VP
1641 2969 1739 3024 καὶ
1783 2969 1928 3023 κατὰ
1974 2970 2038 3023 δὲ
2075 2970 2180 3038 Ap.
2319 2972 2348 3019 8
2381 2963 2421 3018 εἰ

419 3039 571 3111 γὰρ.
647 3041 801 3111 ..ἐγκ
842 3041 934 3095 ἐπὶ
968 3048 1132 3094 τοῦτο
1170 3043 1279 3111 (20)
1320 3058 1426 3095 om.
1464 3041 1568 3110 Ap.
1679 3037 1896 3103 σκέλεος
1932 3056 2038 3095 om.
2069 3039 2154 3107 Μ,
2194 3039 2315 3094 add.
2349 3034 2420 3089 M*

669 3133 861 3237 βαίνει
889 3165 975 3232 Μ,
1015 3162 1197 3237 βαίνει
1234 3164 1286 3219 V
1431 3170 1461 3217 9
1500 3164 1559 3227 ἐς
1591 3164 1655 3218 τὸ
1695 3164 1928 3231 σιναρὸν
1965 3163 2158 3228 σκέλος
2192 3163 2309 3217 MV

421 3241 488 3289 10
486 3184 695 3290 munds.
736 3236 896 3290 codd.
1046 3241 1111 3289 11
1153 3234 1334 3306 ὀχέειν
1372 3236 1531 3289 codd.
1642 3237 1774 3288 ante
1811 3237 1957 3304 ἀναγ
1959 3257 2010 3290 κ.
2051 3236 2180 3291 add.
2220 3233 2290 3289 ἂν
2323 3233 2364 3286 Β

422 3305 604 3368 ουτως
638 3306 782 3360 κατὰ
819 3307 929 3360 ΒΓ
1072 3312 1137 3360 12
1186 3307 1316 3362 εἴσω
1353 3308 1472 3361 MV
1618 3311 1683 3360 13
1733 3306 1797 3378 ὀχ
1801 3304 1880 3360 έει
1917 3306 2079 3361 codd.
2228 3312 2293 3360 16
2327 3323 2420 3395 μικ.

418 3375 543 3430 MV
648 3378 800 3447 τῷξ.
839 3378 959 3430 ἀντ.
998 3378 1142 3444 MV,
1180 3379 1331 3451 τῷξ.
1370 3383 1448 3432 τῶ
1477 3380 1596 3433 ἀντ.
1636 3329 1797 3445 ΒΓ,χ
1806 3394 1942 3432 corr.
1971 3377 2101 3431 Wb.
2252 3382 2317 3430 19
2349 3371 2421 3444 6¹5-

417 3464 622 3501 πουσιν
660 3451 713 3499 Γ
835 3447 947 3502 ἔνκ.
986 3452 1058 3514 Γ,
1113 3420 1177 3519 62
1181 3434 1328 3504 έεται
1374 3433 1495 3504 MV
1675 3454 1742 3502 20
1783 3448 2069 3516 ἐπικρυπτ.
2108 3449 2155 3501 Β
2264 3449 2343 3518 τῇ
2379 3465 2419 3515 y

419 3518 563 3588 χειρὶ
597 3525 663 3586 τῇ
699 3516 803 3585 ΑΡ.
951 3524 1014 3570 21
1055 3519 1198 3573 κατὰ
1233 3520 1298 3574 τὸ
1335 3524 1422 3575 πλ.
1459 3520 1558 3575 τὸν
1596 3541 1648 3589 μ.
1688 3524 1740 3575 Γ
1879 3526 1945 3573 22
1986 3516 2153 3588 ἑρείδ.
2191 3538 2296 3575 om.
2329 3518 2418 3585 Ap
