2588 3876
575 148 747 198 ΠΕΡΙ
782 147 929 199 ΤΩΝ
965 148 1063 198 EN
1097 147 1434 198 ΚΕΦΑΛΗῙ
1468 147 1859 201 ΤΡΩΜΑΤῼΝ
1900 152 1946 199 7.
1978 150 2011 199 8
2262 147 2303 210 9

283 328 428 385 πος.
504 307 579 375 ἐν
624 308 700 372 δὲ
741 316 834 396 τῷ
869 309 1095 396 τρόπῳ
1141 307 1389 396 ἑκάστῳ
1433 311 1735 385 πλείονες
1781 308 1953 375 ἰδέαι
1989 311 2308 393 γίνονται.

285 411 398 479 καὶ
442 411 596 500 περὶ
641 414 766 498 μὲν
808 414 1091 499 φλάσιός
1130 438 1199 480 τε
1234 413 1346 479 καὶ
1382 415 1666 501 ῥωγμῆς,
1711 414 1837 499 κῆν
1871 418 2068 500 ἄμφω
2104 424 2310 494 ταῦτα

285 519 732 604 προσγένηται
789 530 868 606 τῇ
928 519 1088 607 ἕδρῃ
1148 519 1259 585 καὶ
1317 520 1405 604 ἢν
1459 522 1697 607 φλάσις
1750 523 1965 607 μούνη
2023 520 2310 606 γένηται,

285 627 414 710 ἤδη
460 625 834 712 πέφρασται
880 628 982 692 ὅτι
1027 624 1267 693 πολλαὶ
1306 627 1478 693 ἰδέαι
1514 631 1813 712 γίνονται
1849 627 1961 694 καὶ
1998 638 2112 713 τῆς
2145 629 2313 713 φλά-

288 749 434 810 σιος
480 731 591 799 καὶ
636 744 752 818 τῆς
797 734 1078 819 ρωγμῆς.
1158 735 1200 818 ἡ
1247 734 1323 799 δὲ
1368 733 1528 819 ἕδρη
1577 735 1740 819 αὐτὴ
1777 733 1883 819 ἐφ’
1928 733 2175 819 ἑωυτῆς
2210 739 2311 818 γί-
2364 761 2391 802 ⁶

286 863 470 905 νεται
516 841 884 926 μακροτέρη
930 839 1042 906 καὶ
1095 839 1489 926 βραχυτέρη,
1545 840 1747 908 ἐοῦσα
1798 840 1909 907 καὶ
1962 847 2315 926 καμπυλω-

286 945 441 1031 τέρη
500 944 610 1012 καὶ
666 946 944 1032 ἰθυτέρη
1001 946 1111 1012 καὶ
1162 951 1591 1032 κυκλοτερής·
1653 945 1765 1012 καὶ
1823 947 2064 1014 πολλαὶ
2103 950 2313 1014 ἄλλαι

289 1051 462 1119 ἰδέαι
496 1061 619 1117 τοῦ
657 1053 967 1118 τοιούτου
1010 1056 1284 1138 τρόπου,
1332 1054 1566 1123 ὁκοῖον,
1606 1056 1690 1120 ἄν
1734 1078 1799 1119 τι
1839 1053 1948 1119 καὶ
1995 1055 2070 1120 τὸ
2109 1057 2315 1139 στόμα

288 1168 410 1224 τοῦ
471 1157 700 1241 βέλεος
749 1152 818 1246 ᾖ.
910 1161 985 1224 αἱ
1038 1159 1100 1224 δ’
1154 1158 1347 1226 αὐταὶ
1404 1161 1774 1245 βαθύτεραι
1831 1161 1907 1226 τὸ
1965 1161 2139 1226 κάτω
2203 1160 2313 1227 καὶ

287 1270 546 1350 μᾶλλον
589 1263 701 1331 καὶ
745 1261 977 1350 ἧσσον,
1022 1265 1131 1332 καὶ
1178 1270 1561 1353 στενότεραί
1590 1291 1660 1333 τε
1695 1265 1806 1332 καὶ
1841 1262 2054 1351 ἧσσον
2088 1266 2311 1335 στεναὶ
2341 1294 2393 1333 ιο

287 1370 399 1437 καὶ
446 1371 803 1457 εὐρύτεραί
849 1396 921 1439 τε
979 1371 1089 1438 καὶ
1142 1373 1321 1439 πάνυ
1382 1374 1662 1458 εὐρεῖαι,
1718 1367 1764 1458 ’ᾖ
1824 1374 2314 1458 διακεκόφαται.

290 1479 576 1562 διακοπὴ
622 1479 700 1544 δὲ
746 1478 1187 1563 ὁκοσητισοῦν
1232 1479 1547 1564 γινομένη
1594 1483 1833 1565 μήκεός
1867 1504 1939 1546 τε
1971 1478 2084 1546 καὶ
2120 1480 2314 1565 εὐρύ-

288 1608 484 1669 τητος
531 1584 605 1650 ἐν
648 1592 739 1673 τῷ
777 1584 982 1673 ὀστέῳ
1028 1584 1186 1670 ἕδρη
1234 1584 1437 1668 ἐστίν,
1481 1586 1567 1669 ἢν
1601 1587 1682 1651 τὰ
1716 1588 1884 1652 ἄλλα
1920 1586 1932 1670 Ι
1971 1585 2169 1652 ὀστέα
2200 1588 2282 1651 τὰ
2316 1597 2420 1646 210

286 1690 681 1776 περιέχοντα
723 1692 846 1775 τὴν
892 1692 1220 1776 διακοπὴν
1263 1690 1427 1778 μένῃ
1465 1690 1541 1756 ἐν
1574 1701 1654 1777 τῇ
1694 1692 1894 1775 φύσει
1926 1701 2008 1778 τῇ
2043 1692 2312 1759 ἑωυτῶν

288 1795 401 1862 καὶ
452 1798 545 1882 μὴ
600 1803 1049 1881 συνεσφλᾶται
1103 1808 1182 1884 τῇ
1238 1799 1524 1884 διακοπῇ
1584 1795 1710 1864 ἕσω
1770 1796 1843 1864 ἐκ
1901 1806 2016 1881 τῆς
2072 1798 2315 1882 φύσιος
2342 1797 2393 1848 ¹5

289 1912 404 1988 τῆς
459 1903 751 1972 ἑωυτῶν·
815 1904 988 1971 οὕτω
1049 1905 1124 1971 δὲ
1183 1902 1502 1991 ἕσφλασις
1559 1903 1646 1972 ἂν
1707 1910 1808 1989 εἴη
1863 1902 1973 1971 καὶ
2034 1905 2158 1971 οὐκ
2216 1901 2314 1971 ἔτι

292 2009 469 2096 ἕδρη.

425 2120 484 2184 8.
534 2115 798 2183 Ὀστέον
849 2119 1269 2203 τιτρώσκεται
1315 2120 1479 2204 ἄλλῃ
1525 2128 1639 2203 τῆς
1675 2125 1964 2204 κεφαλῆς
1999 2118 2125 2203 <ἤ>
2159 2112 2204 2204 ᾗ
2239 2120 2313 2184 τὸ

288 2222 483 2301 ἕλκος
528 2220 662 2308 ἔχει
707 2225 1079 2309 ὥνθρωπος
1123 2224 1232 2291 καὶ
1278 2225 1354 2290 τὸ
1402 2224 1637 2291 ὀστέον
1672 2224 1971 2309 ἐψιλώθη
2006 2235 2123 2309 τῆς
2159 2243 2315 2310 σαρ-

289 2332 431 2408 κός·
498 2329 782 2415 ἕβδομος
827 2325 1026 2407 οὗτος
1079 2333 1340 2416 τρόπος.
1429 2330 1540 2397 καὶ
1585 2333 1832 2415 ταύτην
1874 2333 1996 2416 τὴν
2046 2349 2304 2416 συμφο-
2331 2356 2384 2400 20

292 2439 438 2520 ρήν,
499 2436 743 2502 ὁκόταν
796 2436 1091 2521 γένηται,
1157 2439 1282 2503 οὐκ
1336 2436 1422 2503 ἂν
1476 2435 1651 2523 ἔχοις
1700 2438 2042 2522 ’ὠφελῆσαι
2089 2437 2315 2503 οὐδέν·

438 2670 467 2717 1
507 2662 738 2729 πλέονες
772 2665 825 2719 V
924 2669 1109 2730 ειδεας
1143 2665 1188 2719 Β
1286 2686 1427 2735 γιγν.
1466 2665 1513 2718 Β
1660 2671 1689 2718 2
1727 2685 1786 2721 τε
1823 2682 1929 2719 om.
1960 2665 2012 2719 V
2118 2661 2224 2733 κῆν
2251 2664 2313 2730 Β,

289 2731 324 2802 ἢ
362 2734 414 2788 V
451 2735 600 2804 vulg.
747 2742 778 2789 3
815 2734 1068 2806 προσγίν.
1107 2736 1159 2790 V
1266 2734 1409 2805 μόνη
1445 2736 1498 2791 V
1641 2741 1672 2789 5
1711 2757 1851 2806 αντη
1888 2736 1950 2802 Β,
1990 2732 2130 2804 αὕτη
2167 2734 2219 2789 V

294 2811 325 2859 6
361 2826 674 2876 μηκροτερη
709 2806 756 2859 Β
904 2812 933 2860 ’1
975 2810 1251 2877 ευθυτερη
1286 2807 1333 2860 Β
1442 2806 1754 2876 κυκλωτερὴ
1791 2806 1843 2861 V
1985 2811 2017 2859 8
2057 2807 2159 2861 εἰδ.
2196 2806 2244 2858 Β

289 2895 576 2933 τοιουτεου
612 2878 685 2943 Β,
739 2886 839 2932 τοῦ
875 2878 1134 2933 τοιούτου
1171 2877 1238 2944 V,
1293 2877 1495 2934 τούτου
1539 2886 1641 2932 τοῦ
1687 2878 1833 2932 Erm.
1872 2878 2053 2947 Epim.
2092 2896 2146 2947 p.
2178 2877 2245 2932 CI

293 2946 382 3001 ὁπ.
411 2948 465 3002 V
557 2946 729 3018 στόμα
755 2949 820 3016 Β,
859 2958 1039 3020 σχῆμα
1066 2948 1118 3003 V
1144 2948 1294 3019 vulg.
1405 2953 1436 3001 9
1471 2950 1571 3003 καὶ
1597 2946 1653 3002 δ’
1688 2949 1855 3005 αὐταὶ
1878 2949 1978 3004 καὶ
2005 2949 2220 3020 βαθύτε
2256 2947 2318 3004 αἱ

289 3037 348 3072 τε
385 3040 436 3074 κ.
476 3018 529 3073 V
710 3026 777 3073 10
812 3039 872 3075 τε
907 3021 1006 3075 καὶ
1040 3015 1210 3086 ἧσσον
1248 3020 1438 3075 στεναὶ
1473 3036 1579 3075 om.
1618 3020 1671 3074 V
1850 3026 1915 3074 11
1954 3039 2013 3076 τε
2050 3036 2155 3075 om.

293 3088 482 3181 εὐρέαι
509 3088 571 3178 V,
649 3111 711 3160 ηι
747 3089 1115 3147 διακέκοπται
1141 3091 1205 3183 B}
1241 3089 1278 3160 ἢ
1309 3089 1717 3160 διακεκόφαται
1743 3090 1796 3145 V
1821 3092 1969 3162 vulg.
2096 3097 2162 3145 12
2192 3095 2316 3147 δια-

291 3162 549 3286 ειψθ
613 3160 738 3285 ‘⁷13
777 3160 986 3289 {2²²3ss
1018 3159 1108 3287 εἰς
1143 3162 1641 3291 Ὗιῖωεωξςζῑε»
1656 3163 1779 3323 {10
1814 3169 1962 3304 227²}
1990 3162 2158 3286 ἕξεων
2177 3162 2247 3286 1¹2}
2280 3254 2316 3300 ,,

300 3302 541 3371 διακοπη
577 3302 625 3356 Β
733 3303 860 3357 εἰσω
897 3303 944 3356 Β
1092 3309 1159 3357 16
1198 3304 1448 3360 ἑωυτεων
1483 3305 1529 3357 Β
1656 3306 1692 3358 δ
1754 3303 1807 3357 V
1912 3325 1973 3374 ηι
2007 3320 2109 3374 pro
2146 3302 2232 3391 εἴη
2269 3303 2316 3355 Β

368 3376 432 3426 18
470 3370 591 3427 ἀλλ’
634 3371 671 3442 ἢ
707 3373 760 3428 V
872 3372 909 3444 ἢ
949 3392 1053 3429 om.
1093 3374 1160 3442 V,
1200 3376 1329 3429 add.
1368 3375 1593 3441 Martin,
1631 3375 1764 3429 Litt.
1873 3374 1946 3443 ἡν
1982 3390 2082 3444 pro
2123 3371 2157 3441 ἢ
2198 3394 2234 3443 ῃ
2267 3373 2315 3424 Β

368 3447 431 3496 19
469 3445 638 3514 ἀνθρ.
677 3443 730 3497 V
900 3451 968 3500 20
1006 3444 1304 3518 ἑβδομαίος
1337 3447 1401 3514 Β,
1446 3445 1692 3515 πέμπτος
1720 3445 1940 3499 Comar.
1980 3444 2112 3497 Litt.
2142 3443 2240 3507 Pq.

301 3511 458 3583 ξυμφ.
487 3515 535 3569 Β
680 3521 746 3568 21
780 3513 915 3573 ὅταν
946 3517 995 3570 V
1599 3567 1602 3570 .
