2588 3876
306 119 393 184 42
809 117 973 175 KAT’
1012 123 1356 175 IHTPEION
1398 126 1479 175 18.
1512 126 1593 176 19.
1623 125 1707 175 20.
1739 126 1804 175 21

304 282 554 368 ἡμέρην
598 283 846 367 ταύτην
888 281 998 348 καὶ
1042 284 1253 349 νύκτα
1296 284 1499 371 ὀλίγῳ
1541 288 1816 369 μᾶλλον,
1860 286 1985 369 τὴν
2030 281 2089 348 δ’
2134 282 2332 350 ὑστέ-

304 413 434 474 ρην
474 384 711 471 ἧσσον·
755 392 942 476 τρίτῃ
987 390 1259 474 χαλαρά.
1341 390 1679 476 εὑρεθήτω
1727 391 1803 457 δὲ
1844 401 1923 478 τῇ
1968 388 2094 476 μὲν
2134 391 2331 457 ὑστε-

304 499 459 581 ραίῃ
505 493 580 560 ἐν
623 496 849 581 ἄκροις
894 496 1135 580 οἴδημα
1179 499 1546 580 μαλθακόν.
1618 506 1697 584 τῇ
1733 501 1922 589 τρίτῃ
1958 494 2034 562 δὲ
2069 500 2145 563 τὸ
2186 497 2334 564 ἐπι-

201 621 305 670 824
326 602 530 666 δεθὲν
579 602 793 667 λυθὲν
849 603 1256 688 ἰσχνότερον·
1309 605 1488 687 παρὰ
1530 604 1743 681 πάσας
1786 605 1901 681 τὰς
1942 604 1951 688 Ι
1991 603 2334 683 ἐπιδέσιας

255 718 279 760 ⁶
306 717 522 774 τοῦτο.
612 718 689 795 τῇ
739 706 796 773 δ’
842 708 1152 795 ὑστεραίῃ
1207 708 1523 794 ἐπιδέσει,
1576 709 1661 794 ἢν
1708 711 1978 787 δικαίως
2032 710 2333 777 ἐπιδεδε-

306 814 512 900 μένον
555 823 757 901 φανῇ,
801 822 1050 898 μαθεῖν
1095 817 1214 882 δεῖ.
1287 816 1608 883 ἐντεῦθεν
1652 817 1727 882 δὲ
1761 822 2017 900 μᾶλλον
2059 816 2172 882 καὶ
2218 817 2334 883 ἐπὶ

308 921 540 987 πλέοσι
601 925 955 1007 πιεχθήτω.
1045 932 1123 1009 τῇ
1188 919 1263 987 δὲ
1322 926 1506 1010 τρίτῃ
1570 921 1679 988 ἐπὶ
1736 928 1992 1008 μᾶλλον
2048 922 2157 989 καὶ
2219 923 2333 991 ἐπὶ

307 1029 555 1095 πλέοσι.
646 1039 724 1115 τῇ
783 1028 842 1094 δ’
897 1027 1141 1114 ἑβδόμη
1191 1028 1320 1096 ἀπὸ
1366 1038 1480 1113 τῆς
1533 1030 1794 1116 πρώτης
1848 1029 2179 1108 ἐπιδέσιος
2213 1035 2335 1096 λυ-

309 1134 520 1201 θέντα
564 1135 903 1222 εὑρεθήτω
953 1136 1164 1220 ἰσχνά,
1209 1138 1465 1221 χαλαρὰ
1506 1137 1587 1201 τὰ
1632 1135 1844 1202 ὀστέα.
1935 1136 2003 1214 ἐς
2048 1134 2124 1203 δὲ
2168 1137 2334 1223 νάρ-

231 1252 283 1292 1⁰
309 1250 525 1326 θηκας
570 1241 874 1326 δεθέντα,
920 1242 1005 1327 ἢν
1052 1243 1246 1327 ἰσχνὰ
1289 1239 1401 1307 καὶ
1445 1243 1746 1326 ἄκνησμα
1789 1240 1899 1308 καὶ
1946 1242 2221 1310 ἀνέλκεα
2265 1237 2334 1331 ᾖ,

309 1349 428 1414 ἐᾶν
471 1348 699 1436 μέχρις
743 1354 952 1414 εἴκοσι
1005 1346 1302 1435 ἡμερέων
1347 1347 1475 1413 ἀπὸ
1521 1358 1641 1415 τοῦ
1689 1351 1923 1426 σίνεος.
2012 1349 2098 1433 ἣν
2143 1349 2223 1415 δέ
2264 1375 2333 1416 τι

306 1456 785 1540 ὑποπτεύηται,
849 1461 1046 1520 λῦσαι
1107 1454 1183 1521 ἐν
1245 1454 1441 1543 μέσῳ.
1529 1456 1870 1540 νάρθηκας
1933 1455 2046 1520 διὰ
2106 1459 2339 1542 τρίτης

308 1562 607 1650 ἐρείδειν.

446 1669 547 1733 19.
585 1666 676 1733 Ἡ
705 1668 1049 1754 ἀνάληψις,
1078 1667 1117 1751 ἡ
1154 1667 1365 1752 θέσις,
1392 1669 1434 1752 ἡ
1465 1666 1753 1745 ἐπίδεσις
1788 1668 1877 1745 ὡς
1913 1667 1989 1734 ἐν
2022 1676 2112 1756 τῷ
2149 1669 2337 1757 αὐτῷ

230 1782 281 1824 1⁵
310 1780 585 1861 σχήματι
645 1767 716 1863 ᾖ,
772 1775 1275 1860 διαφυλάσσειν.
1362 1775 1687 1860 κεφάλαια
1746 1776 2093 1859 σχημάτων
2148 1778 2339 1860 ἔθεα,

311 1884 545 1968 φύσιες
591 1879 868 1948 ἑκάστου
915 1892 1049 1947 τῶν
1094 1880 1372 1964 μελέων·
1426 1883 1508 1947 τὰ
1554 1879 1616 1946 δ’
1668 1882 1849 1948 εἴδεα
1904 1880 1977 1948 ἐκ
2022 1890 2141 1948 τοῦ
2187 1883 2341 1970 τρέ-

309 2014 472 2074 χειν,
528 1990 931 2074 ὁδοιπορεῖν,
988 1985 1282 2072 ἑστάναι,
1338 1995 1766 2054 κατακεῖσθαι
1822 1987 1896 2054 ἐκ
1940 1998 2061 2055 τοῦ
2108 1994 2340 2076 ἔργου,

311 2095 382 2160 ἐκ
427 2104 548 2160 τοῦ
594 2095 934 2178 ἀφεῖσθαι.

443 2200 547 2266 20.
602 2202 689 2265 Τὸ
738 2199 832 2285 δέ,
879 2200 981 2266 ὅτι
1025 2210 1255 2288 χρῆσις
1301 2203 1632 2287 κρατύνει,
1679 2202 1876 2288 ἄργίη
1923 2206 2121 2287 τήκει.
2162 2207 2174 2282 Ι

206 2324 310 2372 326
444 2309 548 2372 21.
585 2306 678 2371 Ἡ
712 2305 920 2384 πίεξις
963 2311 1208 2391 πλήθει
1253 2306 1293 2391 ἢ
1344 2308 1538 2392 ἰσχύι.

455 2506 483 2554 1
523 2498 787 2569 δευτέρην
821 2516 924 2568 pro
961 2495 1020 2554 δ’
1060 2498 1176 2554 ῧστ.
1214 2498 1266 2552 V
1402 2505 1433 2553 3
1470 2499 1726 2567 ἅκροισιν
1762 2500 1814 2554 V
1939 2508 1973 2555 4
2009 2499 2186 2556 λυθὲν
2223 2518 2340 2556 om.

310 2572 361 2627 V
431 2574 561 2640 περὶ
593 2588 694 2641 pro
732 2570 888 2638 παρὰ
924 2569 976 2624 V
1119 2576 1150 2624 ὅ
1195 2569 1399 2625 τούτου
1435 2570 1503 2638 V,
1547 2569 1725 2626 τωύτό
1772 2571 2089 2640 suspicatur
2123 2572 2222 2641 Pq.

311 2649 569 2714 διηνεκος
602 2642 664 2708 Β,
704 2640 1004 2711 διηνεκέως
1037 2640 1089 2695 V
1122 2657 1224 2711 pro
1262 2638 1334 2709 ἢν
1373 2645 1604 2706 δικαιως
1675 2644 1727 2696 εἰ
1763 2645 1894 2697 ante
1932 2647 2140 2713 διηνεκ.
2180 2660 2251 2697 es.
2286 2643 2344 2697 V

418 2721 448 2769 6
488 2734 643 2784 φανη
680 2734 739 2782 ηι
775 2713 837 2778 Β,
877 2706 912 2782 ἦ
949 2729 1050 2782 pro
1089 2720 1244 2783 φανῇ
1283 2711 1335 2765 V
1405 2711 1469 2768 δὲ
1505 2730 1610 2766 om.
1640 2713 1730 2780 B¹‚
1769 2731 1839 2768 ss,
1868 2714 1944 2767 B²
2047 2720 2079 2768 8
2117 2711 2341 2768 πλείοσι

310 2786 370 2838 Μ
512 2792 543 2840 9
589 2784 661 2839 τὰ
698 2783 862 2840 ὀστέα
899 2801 1004 2837 om.
1035 2783 1086 2837 V
1232 2789 1299 2837 10
1346 2782 1619 2847 δεθέντας
1650 2784 1696 2837 Β
1822 2787 1953 2854 post
1990 2784 2155 2856 ἰσχνὰ
2200 2785 2338 2840 add.

309 2879 344 2926 η
381 2856 427 2909 Β
557 2861 639 2909 10.
673 2861 736 2908 11
775 2850 834 2924 ἧι
872 2854 971 2924 ἐῆν
1007 2855 1141 2923 ΒΜ,
1180 2854 1277 2924 ἔην
1313 2871 1415 2923 pro
1453 2846 1505 2927 ᾖ,
1543 2854 1645 2910 ἐᾶν
1681 2854 1733 2909 V
1861 2861 1924 2909 11
1965 2856 2175 2911 εἴκοσιν
2211 2855 2343 2910 MV

382 2924 454 2995 ἢν
491 2926 554 2983 δὲ
589 2926 660 2980 τὰ
696 2927 746 2981 ὑ.
776 2926 828 2980 V
973 2932 1039 2980 12
1075 2930 1154 3000 τῷ
1181 2924 1326 2999 μέσῳ
1363 2942 1487 2992 rec„
1525 2930 1604 3000 τῷ
1632 2943 1738 2980 om.
1774 2926 1952 2980 BMV
2088 2932 2154 2981 14
2191 2928 2343 2981 ἀνα-

311 3002 520 3068 ληρνψις
553 2998 599 3051 Β
708 2996 975 3065 αἴσθησις
1008 3014 1111 3067 pro
1155 2995 1319 3059 θέσις
1353 2997 1413 3050 Μ
1518 2997 1554 3066 ἡ
1604 2995 1848 3062 ἐπίδεσις
1894 2998 2002 3052 del.
2039 2998 2185 3052 th..

314 3075 379 3123 15
417 3068 650 3141 σχήματι
688 3084 793 3124 om.
832 3068 892 3120 M
973 3058 1009 3140 ᾗ
1042 3084 1152 3121 om.
1180 3066 1235 3120 N
1271 3067 1404 3121 Litt.
1443 3068 1589 3121 Erm.
1628 3068 1726 3137 Pq.
1764 3069 1908 3123 th..
2007 3070 2113 3138 ἔθη
2151 3068 2342 3137 codd„

313 3141 451 3196 ἔθεσι
489 3139 610 3195 Gal.
643 3156 836 3195 comm.
868 3143 970 3192 877
1110 3144 1174 3192 16
1214 3138 1275 3192 ἐκ
1313 3138 1375 3195 δὲ
1409 3148 1509 3193 τοῦ
1550 3156 1650 3208 pro
1687 3140 1764 3195 ἑκ.
1795 3139 1847 3194 V
1917 3142 2048 3209 post
2084 3139 2158 3195 ἐκ.
2199 3140 2340 3195 add.

310 3231 369 3266 τε
405 3212 465 3265 Μ
572 3207 630 3266 δ’
673 3228 777 3265 om.
808 3210 867 3263 M
964 3210 1094 3280 post
1130 3208 1283 3265 εἴδεα
1322 3210 1449 3263 add.
1487 3219 1599 3265 τῶν
1635 3209 1841 3280 μελέων
1879 3210 1930 3264 V
2076 3216 2139 3264 17
2180 3210 2342 3266 ὁδοι-

311 3281 534 3351 πορέειν
573 3282 732 3335 codd.
881 3286 944 3334 19
991 3280 1053 3334 τὸ
1093 3280 1156 3337 δὲ
1194 3279 1278 3335 ὅτι
1315 3280 1378 3348 Β,
1422 3281 1487 3336 τὸ
1530 3279 1675 3337 διότι
1712 3281 1834 3337 Gal.
1876 3299 2070 3337 comm.
2108 3286 2231 3348 879,
2270 3283 2340 3338 τὸ

313 3359 369 3411 δι
407 3370 513 3408 om.
553 3354 655 3406 oet.
744 3350 938 3423 ἀργείη
976 3351 1108 3420 ΒΜ,
1145 3353 1339 3422 ἀργεῖν
1376 3351 1442 3418 V,
1481 3350 1646 3423 ἀργίη
1684 3352 1805 3407 Gal.
1844 3353 1905 3406 in
1942 3354 2035 3407 cit.
2066 3357 2187 3417 879,
2225 3357 2340 3407 cet.

381 3427 510 3495 post
536 3425 658 3494 ἀργ.
690 3424 818 3476 add.
850 3423 912 3480 δὲ
938 3423 1032 3476 vul
1077 3466 1106 3491 .‚
1135 3439 1241 3476 om.
1272 3423 1432 3477 codd.
1544 3430 1610 3478 20
1649 3421 1684 3493 ἢ
1722 3423 1774 3478 V
1802 3423 1890 3495 (cf.
1921 3423 2105 3478 Herm.
2135 3422 2344 3493 xxm,

313 3498 462 3567 265),
504 3512 609 3550 om.
643 3494 782 3560 ΒΜ,
821 3495 894 3565 μὴ
931 3494 985 3547 N
1021 3441 1193 3565 (Vinea
1230 3493 1484 3548 subiecta
1519 3497 1655 3566 not.)
1693 3495 1825 3550 Litt.
1864 3496 2010 3549 Erm.
2048 3494 2193 3548 th..
2231 3495 2344 3565 Pq.
