2588 3876
369 179 501 243 252
989 181 1385 234 ΜοΧΛῙΚοΝ
1422 182 1470 232 8.
1503 183 1665 232 9.·10.
1698 184 1760 232 11

370 341 709 425 ἀπάγοντα
754 341 855 407 ὄτι
901 348 1240 425 πλεῖστον,
1297 342 1386 418 ὡς
1437 343 1526 426 μὴ
1581 342 1803 426 ψαύσῃ
1850 349 1966 425 τῆς
2009 341 2312 425 κορώνης
2358 341 2415 425 ἡ

370 452 657 533 κεφαλή,
719 448 1050 534 μετέωρον
1110 449 1455 532 περιάγειν
1518 449 1626 514 καὶ
1682 450 2084 534 περικάμψαι
2141 446 2252 513 καὶ
2308 449 2411 531 μὴ

370 554 438 633 ἐς
484 557 605 621 ww)
640 557 1016 640 βιάζεσθαι,
1061 557 1196 638 ἅμα
1240 556 1318 621 δὲ
1364 555 1574 621 ὠθεῖν
1609 555 1925 621 τάναντία
1960 554 2064 639 ἐφ’
2124 553 2409 642 ἑκάτερα

370 663 480 727 καὶ
538 668 885 746 παρωθεῑν
947 660 1015 739 ἐς
1074 664 1312 748 χώρην.
1395 665 1816 746 συνωφελοίη
1864 660 1926 726 δ’
1971 660 2057 727 ἂν
2100 660 2212 728 καὶ
2260 660 2405 727 ἐπί-

318 797 343 841 ⁶
373 780 642 854 στρεψις
677 769 974 853 ἀγκῶνος
1010 768 1085 835 ἐν
1122 770 1493 853 τούτοισιν,
1531 767 1606 834 ἐν
1640 777 1732 857 τῷ
1761 764 1885 853 μὲν
1922 767 1989 846 ἐς
2023 770 2099 834 τὸ
2136 769 2409 854 ὕπτιον,

372 873 447 941 ἐν
482 882 571 963 τῷ
604 871 677 940 δὲ
715 873 781 952 ἐς
815 877 891 940 τὸ
927 875 1189 960 πρηνές.
1264 883 1437 960 ἴησις
1473 874 1578 958 δέ,
1626 879 1951 960 σχήματος
1991 875 2141 958 μέν·
2190 876 2401 964 ὀλίγῳ

373 981 678 1066 ἀνωτέρω
718 983 928 1068 ἄκρην
963 992 1150 1067 χεῖρα
1187 982 1484 1067 ἀγκῶνος
1529 985 1726 1067 ἔχειν,
1761 985 2087 1067 βραχίονα
2123 978 2198 1048 δὲ
2235 984 2405 1048 κατὰ

372 1089 683 1174 πλευράς·
740 1088 913 1160 οὕτω
962 1090 1038 1155 δὲ
1090 1087 1202 1155 καὶ
1256 1088 1582 1174 ἀνάληψις
1626 1089 1778 1172 <καὶ
1822 1087 2055 1171 θέσις>
2100 1090 2409 1174 εὔφορον

374 1196 483 1260 καὶ
529 1196 732 1280 φύσις
776 1198 885 1261 καὶ
931 1207 1162 1280 χρῆσις
1205 1194 1283 1262 ἑν
1327 1205 1418 1286 τῷ
1456 1204 1685 1284 κοινῷ,
1739 1195 1824 1280 ἢν
1878 1196 2005 1281 ἄρα
2049 1196 2136 1279 μὴ
2184 1206 2409 1272 κακῶς

293 1331 347 1371 10
374 1308 696 1388 πωρωθῇ·
758 1313 1096 1387 πωροῦται
1162 1300 1237 1368 δὲ
1289 1302 1552 1388 ταχέως.
1644 1303 1818 1385 ἴησις
1871 1302 2180 1368 ὀθονίοσι
2233 1303 2407 1366 κατὰ

373 1409 494 1473 τὸν
540 1411 750 1491 νόμον
795 1410 914 1475 τὸν
960 1409 1357 1494 ἀρθριτικὸν
1401 1408 1513 1475 καὶ
1559 1410 1633 1474 τὸ
1679 1408 1796 1487 ὀξὺ
1842 1410 2290 1493 προσεπιδεῖν.

508 1514 566 1580 9.
636 1518 1233 1600 Παλιγκοτώτατον
1291 1517 1369 1582 δὲ
1427 1516 1650 1599 ἀγκὼν
1706 1526 2123 1601 πυρετοῖσιν,
2187 1515 2408 1601 ὀδύνῃ

374 1620 644 1706 ἀσώδει,
700 1622 1142 1712 ἀκρητοχόλφ·
1206 1623 1503 1706 ἀγκῶνος
1559 1619 1633 1688 δὲ
1689 1624 1971 1704 μάλιστα
2025 1622 2229 1688 ὀπίσω
2286 1623 2409 1687 διὰ

375 1729 450 1793 τὸ
487 1731 850 1814 ναρκῶδες,
889 1730 1206 1816 δεύτερον
1240 1731 1318 1795 τὸ
1354 1728 1754 1814 ἔμπροσθεν.
1829 1730 2000 1813 ἴησις
2037 1728 2096 1793 δ’
2135 1729 2175 1814 ἡ
2213 1729 2403 1813 αὐτή.

297 1864 346 1905 15
375 1833 649 1919 ἐμβολαὶ
696 1836 770 1902 δὲ
813 1846 934 1902 τοῦ
980 1837 1105 1921 μὲν
1140 1836 1379 1920 ὀπίσω,
1428 1835 1802 1902 ἐκτείνοντα
1837 1846 2239 1901 κατατεῖναι·
2289 1853 2407 1920 ση·

374 1952 565 2024 μεῖον
593 1942 696 2027 δέ,
735 1944 814 2009 οὐ
844 1945 970 2030 γὰρ
1000 1946 1323 2010 δύνανται
1353 1943 1694 2010 ἐκτείνειν·
1742 1953 1863 2009 τοῦ
1893 1940 1967 2009 δὲ
1996 1946 2404 2028 ἔμπροσθεν,

377 2048 458 2114 οὐ
506 2051 827 2115 δύνανται
873 2051 1343 2136 συγκάμπτειν.
1415 2052 1628 2138 τούτῳ
1675 2049 1737 2115 δ’
1783 2049 2068 2115 ἐνθέντα
2103 2074 2169 2115 τι
2206 2053 2407 2134 σκλη-

378 2154 502 2239 ρὸν
547 2157 1082 2241 συνειλιγμένον,
1127 2158 1278 2244 περὶ
1317 2167 1514 2223 τοῦτο
1561 2157 1943 2241 συγκάμψαι
1988 2154 2055 2233 ἐξ
2103 2154 2410 2232 ἐκτάσιος

376 2260 703 2346 ἐξαίφνης.

297 2400 351 2440 20
515 2369 616 2434 10.
662 2373 1064 2449 Διαστάσιος
1102 2367 1175 2436 δὲ
1213 2370 1464 2437 ὀστέων
1500 2381 1773 2455 σημεῖον
1808 2371 1971 2435 κατὰ
2016 2371 2143 2454 τὴν
2190 2368 2405 2454 φλέβα

377 2477 500 2560 τὴν
544 2478 707 2542 κατὰ
751 2479 1074 2564 βραχίονα
1119 2476 1509 2563 σχιζομένην
1554 2477 1973 2555 διαψαύοντι.
2014 2476 2023 2561 Ι

274 2603 376 2653 356
517 2584 617 2648 11.
692 2588 911 2650 Ταῦτα
957 2580 1030 2649 δὲ
1077 2583 1323 2669 ταχέως
1368 2585 1833 2670 διαπωροῦται.
1924 2581 1998 2648 ἐκ
2052 2591 2286 2666 γενεῆς
2330 2578 2409 2650 δὲ

377 2691 750 2777 βραχύτερα
812 2692 892 2756 τὰ
953 2691 1128 2756 κάτω
1193 2690 1389 2757 ὀστέα
1451 2699 1572 2757 τοῦ
1631 2691 1879 2773 σίνεος,
1944 2695 2264 2755 πλεῖστον
2323 2690 2410 2754 τὰ

522 2925 555 2977 2
590 2922 720 2988 post
757 2919 978 2990 μετέωρ.
1018 2919 1147 2974 add.
1187 2919 1250 2975 δὲ
1286 2919 1465 2990 vulg„
1504 2935 1611 2973 om.
1648 2919 1709 2971 M
1853 2923 1885 2970 3
1923 2915 2132 2972 ὠθέειν
2170 2916 2332 2971 codd.

380 2988 644 3058 ἑκάτερον
680 2991 740 3044 Μ
919 2997 953 3045 4
999 2989 1238 3060 παρωθέ
1271 2991 1358 3057 Μ,
1413 2988 1597 3045 -θέειν
1635 2992 1737 3043 cet.
1779 2988 1940 3043 codd.
2123 2994 2173 3041 4.
2214 2994 2247 3041 ὅ
2288 2988 2408 3043 ἐπι-

381 3059 625 3184 στῗέψας
661 3061 848 3153 eodelr„
896 3078 1032 3116 corr.
1072 3062 1369 3117 Comarius
1515 3066 1547 3114 6
1595 3060 1744 3129 ἴησις
1777 3059 1863 3127 Μ,
1910 3059 2113 3131 ἐμβολὴ
2154 3061 2261 3113 cet.

380 3131 441 3186 62
467 3151 548 3202 γῳ
582 3132 629 3184 Β
673 3152 732 3187 π.
771 3137 904 3202 αρθ.
944 3133 1059 3206 ἔμβ.
1109 3150 1153 3189 ο.
1197 3139 1261 3187 18
1301 3135 1362 3187 et
1394 3132 1522 3201 Pq.‚
1581 3129 1769 3201 ὀλίγον
1824 3130 1984 3185 codd.
2183 3134 2217 3182 8
2270 3131 2409 3183 anbe

378 3202 622 3269 πλευράς
658 3203 786 3258 add.
825 3204 925 3267 τὰς
960 3203 1136 3274 vulg.‚
1175 3222 1283 3259 om.
1321 3204 1383 3257 M
1490 3205 1587 3257 καὶ
1619 3202 1784 3263 θέσις
1819 3202 2017 3257 addidi
2053 3217 2123 3255 ex
2159 3201 2308 3254 libro
2344 3220 2405 3254 π.

382 3272 516 3340 ἄρθ.
556 3272 670 3343 ἐμβ.
710 3290 756 3327 c.
789 3280 854 3328 18
1001 3281 1067 3330 12
1103 3283 1429 3343 πυρετοῖσιν
1464 3275 1548 3341 Μ,
1587 3292 1669 3328 -σι
1707 3275 1810 3328 cet.
1958 3278 2026 3326 14
2063 3269 2122 3326 δ’
2163 3271 2250 3339 Μ,
2296 3287 2406 3324 om.

382 3345 485 3398 cet.
635 3348 698 3395 17
737 3344 968 3413 ξυγκάμ.
1007 3346 1095 3400 bis
1134 3347 1293 3400 codd.
1413 3342 1470 3400 δ’
1510 3345 1596 3413 Μ,
1634 3345 1697 3401 δὲ
1735 3347 1840 3399 eet.
1984 3348 2051 3397 18
2099 3345 2406 3412 συνειλεγμ.

382 3412 542 3467 codd.
636 3418 931 3484 συνειλιγμ.
970 3418 1075 3485 Ap.
1115 3416 1176 3470 in
1212 3434 1258 3471 ο.
1293 3422 1358 3470 19
1397 3416 1531 3471 libri
1566 3435 1624 3470 π.
1664 3416 1899 3485 ἄρθρων
1936 3413 2051 3485 ἐμβ.
2165 3420 2233 3468 21
2274 3415 2415 3468 ante

382 3486 541 3572 βραχ.
581 3483 709 3537 add.
745 3484 845 3565 τόν
882 3487 1057 3556 vulg,
1097 3505 1204 3541 om.
1243 3488 1327 3553 Μ,
1367 3487 1436 3541 οἳ.
1476 3507 1533 3542 π.
1573 3487 1708 3556 ἅρθ.
1748 3487 1864 3559 ἐμβ.
1905 3503 1949 3540 o.
1990 3491 2059 3539 20
2171 3491 2239 3539 21
2279 3486 2410 3539 δια-

383 3567 654 3626 ψαυοντι,
690 3564 753 3623 ψ.
793 3572 852 3605 m
889 3572 1014 3609 raso
1049 3557 1107 3625 1.,
1144 3558 1203 3610 Μ
1349 3565 1415 3612 23
1453 3556 1712 3614 πλείστωι
1746 3559 1806 3612 Μ
2422 3605 2427 3610 .
