2588 3876
797 144 959 202 KAT’
1000 151 1346 202 IHTPEION
1384 153 1468 202 22.
1500 152 1582 201 23.
1613 152 1682 201 24
2159 146 2246 210 43

363 310 468 375 22.
511 308 744 376 Ὁκόσα
780 309 841 374 δ’
882 310 1312 396 ἐκχυμώματα
1346 311 1387 395 ἢ
1423 310 1774 395 φλᾶσματα
1816 309 1857 394 ἢ
1904 310 2248 395 σπάσματα

220 416 267 501 ἢ
317 419 644 502 οἰδήματα
691 417 1149 502 ἀφλέγμαντα,
1203 416 1544 503 ἐξαρύεται
1598 409 1757 499 αἷμα
1800 416 1874 483 ἐκ
1917 425 2039 482 τοῦ
2082 419 2248 501 τρώ-

221 547 433 608 ματος
477 523 547 602 ἐς
581 521 704 609 μὲν
739 525 814 590 τὸ
851 525 991 590 ἄνω
1037 533 1160 591 τοῦ
1206 526 1506 607 σώματος
1547 526 1623 590 τὸ
1658 528 1990 607 πλεῖστον,
2029 525 2248 609 βραχὺ
2273 550 2298 587 e

223 630 313 696 δέ
350 654 416 697 τι
458 630 570 696 καὶ
618 631 685 708 ἐς
726 632 802 697 τὸ
847 632 1041 696 κάτω.
1118 632 1205 715 μὴ
1250 631 1573 697 κατάντεα
1615 632 1741 714 τὴν
1782 640 1970 717 χεῖρα
2012 628 2251 716 ἔχοντα

222 737 268 822 ἢ
326 740 402 805 τὸ
456 737 715 822 σκέλος,
768 736 1126 821 τιθέμενον
1177 739 1302 822 τὴν
1360 736 1570 825 ἀρχὴν
1608 735 1618 824 Ι
1656 739 1822 803 κατὰ
1872 739 1948 804 τὸ
2007 749 2233 823 τρῶμα
2250 758 2354 807 328

222 843 337 911 καὶ
382 845 666 927 μάλιστα
710 844 1075 930 ἐρείδοντα,
1120 845 1357 928 ἥκιστα
1400 846 1481 910 τὰ
1525 845 1715 931 ἄκρα,
1761 843 1973 929 μέσως
2020 846 2101 909 τὰ
2137 845 2248 909 διὰ
2302 856 2328 896 ⁶

223 950 454 1037 μέσου.
541 952 618 1017 τὸ
673 952 951 1035 ἔσχατον
994 952 1162 1037 πρὸς
1213 951 1288 1015 τὸ
1337 952 1473 1016 ἄνω
1527 959 1650 1016 τοῦ
1706 952 2005 1036 σώματος
2058 954 2250 1033 νεμό-

222 1077 460 1142 μενον·
508 1056 816 1141 έπιδέσει,
855 1054 1085 1134 πιέξει·
1134 1057 1299 1141 ἀτὰρ
1337 1055 1448 1122 καὶ
1482 1066 1689 1123 ταῦτα
1725 1059 1969 1140 πλήθει
1994 1061 2251 1142 μᾶλλον

222 1165 267 1249 ἤ
320 1164 515 1248 ἰσχύι.
604 1163 886 1245 μάλιστα
932 1159 1006 1227 δὲ
1051 1164 1392 1228 τούτοισιν
1436 1163 1681 1229 ὀθόνια
1726 1163 1955 1248 λεπτοί,
2005 1173 2250 1249 κοῦφα,

219 1271 565 1355 μαλθακά,
620 1270 917 1356 καθαρά,
969 1268 1246 1352 πλατέα,
1297 1270 1482 1354 ὑγιᾶ,
1527 1270 1616 1347 ὡς
1661 1269 1747 1335 ἂν
1790 1272 1951 1336 ἄνευ
1998 1275 2251 1357 ναρθή-
2278 1283 2331 1323 1⁰

220 1398 390 1443 κων·
436 1377 548 1443 καὶ
591 1378 946 1461 καταχύσει
989 1383 1283 1462 χρῆσθαι
1327 1375 1572 1441 πλέονι.

364 1484 466 1549 23.
530 1485 625 1549 Τὰ
680 1482 740 1547 δ’
794 1481 1180 1564 ἐκπτώματα
1233 1481 1274 1565 ἢ
1330 1481 1701 1568 στρέμματα
1756 1484 1798 1569 ἢ
1847 1484 2252 1571 διαστήματα

221 1593 267 1677 ἢ
326 1590 806 1674 ἄποσπᾶσματα
857 1589 898 1674 ἢ
954 1588 1426 1673 ἀποκλάσματα
1478 1588 1519 1673 ἢ
1576 1590 2087 1677 διαστρέμματα,
2142 1584 2252 1657 οἷα

221 1699 310 1764 τὰ
362 1699 603 1781 κυλλά,
656 1697 737 1761 τὰ
791 1694 1221 1782 ἑτερόρροπα,
1277 1699 1480 1761 ἔνθεν
1532 1692 1654 1779 μὲν
1708 1695 1960 1782 ἐξέστη,
2022 1699 2250 1764 συνδι-

225 1807 462 1888 δόντα,
518 1803 638 1889 ὅκῃ
696 1801 799 1887 δέ,
856 1806 1318 1886 συντείνοντα,
1374 1803 1463 1878 ὡς
1508 1801 1576 1879 ἐς
1628 1803 1709 1867 τὰ
1763 1801 2032 1869 ἐναντία
2086 1802 2251 1895 ῥέπῃ
2279 1834 2329 1875 15

224 1908 626 1982 ἐπιδεθέντα
667 1909 709 1995 ἢ
755 1908 917 1997 πρὶν
964 1909 1357 1994 ἐπιδεθῆναι
1402 1917 1656 1998 σμικρῷ
1699 1914 1957 1992 μᾶλλον
1999 1910 2039 1996 ἢ
2086 1913 2250 1978 ὥστε

222 2016 295 2095 ἐξ,
344 2018 497 2083 ἴσου
544 2012 741 2083 εἶναι·
800 2016 912 2083 καὶ
955 2027 1173 2083 τοῖσιν
1220 2016 1632 2099 ε’πιδέσμοισι
1675 2016 1787 2083 καὶ
1831 2028 2005 2084 τοῖσι
2050 2022 2253 2103 σπλή-

220 2142 374 2190 νεσι
426 2122 539 2189 καὶ
582 2134 802 2190 τοῖσιν
848 2123 1264 2209 ἀναλήμμασι
1318 2123 1429 2189 καὶ
1474 2134 1647 2190 τοῖσι
1692 2128 2002 2211 σχήμασι,
2059 2150 2251 2192 κατα-

222 2231 434 2315 τάσει,
479 2231 846 2316 ἀνατρίψει,
893 2231 1276 2315 διορθώσει,
1320 2233 1669 2315 καταχύσει
1711 2231 1960 2298 πλέονι.

363 2337 467 2402 24.
524 2339 618 2403 Τὰ
664 2334 738 2403 δὲ
782 2341 1232 2422 μινυθήματα,
1277 2340 1451 2402 πολὺ
1487 2340 2084 2423 προσλαμβάνοντα
2127 2348 2248 2405 τοῦ
2278 2368 2330 2407 20

374 2501 402 2548 1
434 2492 556 2550 Ὁπ.
590 2493 642 2548 V
748 2491 784 2563 ἢ
823 2496 912 2562 φλ.
952 2510 1056 2547 om.
1086 2492 1138 2547 V
1245 2510 1323 2546 σπ
1359 2492 1602 2564 (σπείσῃ.)
1637 2494 1699 2548 in
1733 2510 1861 2549 raso
1896 2495 2020 2549 loco
2058 2494 2109 2548 V

222 2573 258 2620 2
309 2564 633 2636 ἀφλέγματα
670 2564 722 2619 V
828 2562 1142 2632 ἐξαρείαται
1178 2564 1320 2631 ΒΜ,
1377 2564 1541 2635 ἐξάρῃ
1588 2564 1685 2620 ἅτε
1721 2565 1788 2631 V,
1845 2562 2145 2634 έξαρύαται
2180 2564 2250 2632 N,

223 2636 518 2704 ἐξαρύεται
552 2636 802 2690 Erotian.
833 2634 1009 2690 Gloss.
1038 2654 1093 2704 p.
1124 2641 1209 2700 69,
1241 2641 1309 2689 10
1336 2635 1453 2702 Κ1.,
1490 2635 1652 2690 Lind.
1680 2636 1845 2704 Bosq.
1874 2636 1999 2704 Pq.‚
2040 2635 2251 2704 ἐξερύε-

217 2728 320 2763 ται
347 2708 510 2774 Litt„
557 2707 844 2778 ἐξεργᾶται
879 2706 1057 2777 vulg,
1095 2706 1334 2761 fortasse
1371 2706 1726 2761 scribendum
1758 2710 1845 2761 est
1882 2705 2252 2778 §aoy-(sims-

218 2799 320 2834 ται
357 2777 427 2832 cf.
458 2780 587 2847 περὶ
612 2780 803 2849 ἀγμῶν
841 2795 885 2832 ο.
916 2782 985 2833 48
1094 2784 1129 2832 4
1164 2776 1410 2848 κατάντη
1440 2778 1618 2843 codd„
1657 2797 1751 2832 -εα
1777 2778 1941 2847 Bosq.
2054 2785 2085 2832 6
2121 2781 2252 2847 post

289 2850 304 2870 '
338 2868 465 2905 ιστα
501 2850 630 2904 add.
667 2849 739 2904 τὰ
773 2848 882 2903 BV
1025 2852 1058 2900 8
1097 2847 1310 2904 ἐπιδέσι
1346 2846 1492 2914 πιέξι
1528 2849 1574 2902 Β
1710 2855 1742 2903 9
1780 2847 2050 2905 τουτέοισι
2086 2849 2150 2916 Β,
2189 2871 2251 2904 -ν

297 2921 349 2976 V
494 2926 560 2974 10
597 2920 820 2991 μαλακὰ
855 2919 906 2973 V
1011 2918 1171 2991 ὑγιέα
1208 2919 1267 2972 Μ
1413 2925 1477 2973 11
1515 2940 1659 2974 κατα
1695 2920 1787 2975 ύσι
1823 2920 1869 2973 Β
1940 2919 2108 2976 πλέον
2144 2920 2253 2975 BV

374 2997 440 3045 14
475 2995 638 3046 κοιλα
672 2992 734 3058 Β,
780 2990 921 3046 κνλὰ
957 2989 1009 3044 V
1115 2988 1256 3045 ὅθεν
1291 3006 1393 3059 pro
1430 2991 1602 3046 ἔνθεν
1673 3034 1686 3056 ,
1732 2990 1853 3045 Gal.
1893 3008 2088 3047 comm.
2127 2996 2249 3060 889,

220 3063 362 3117 Litt.
400 3063 498 3133 Pq.
677 3083 712 3118 ν
747 3079 853 3116 om.
892 3062 952 3115 M
1058 3059 1272 3126 ξυνδίδ.
1312 3061 1394 3127 Μ,
1445 3059 1617 3117 evola.
1655 3062 1746 3126 B1,
1794 3080 1898 3117 συν
1935 3079 2006 3116 es.
2035 3062 2109 3116 B²

223 3139 296 3188 15
335 3132 444 3203 ὅπη
482 3134 588 3188 cod
633 3175 663 3199 .,
701 3133 900 3203 scripsi
939 3131 1043 3206 ὅκῃ
1152 3131 1216 3188 δέ
1245 3176 1256 3186 .
1290 3175 1303 3186 .
1335 3175 1346 3185 .
1377 3129 1518 3207 ῥέπῃ
1556 3149 1661 3187 om.
1692 3132 1744 3187 V
1814 3132 2047 3200 ξυντείν.
2086 3133 2146 3187 Μ

219 3226 398 3314 ᾇέπεῖ
428 3241 488 3294 Μ
598 3244 664 3294 17
700 3248 842 3293 τοῖσι
877 3239 923 3293 Β
995 3240 1094 3293 καὶ.
1128 3258 1173 3292 τ.
1214 3242 1334 3292 σπλ.
1373 3254 1479 3292 om.
1508 3238 1560 3292 V
1671 3243 1736 3293 18
1771 3248 1919 3294 τοῖσι
1955 3239 2018 3306 Β,
2054 3247 2174 3303 τοῖς
2202 3239 2254 3293 V

371 3310 705 3367 καταστάσει
740 3310 800 3363 Μ
944 3315 1010 3364 19
1048 3312 1178 3379 post
1214 3312 1401 3377 διορθ.
1441 3310 1569 3363 add.
1611 3313 1872 3381 σπληνεσι
1911 3308 2251 3378 ἐπιδέσμοισι

216 3384 495 3453 ἄναληψι,
516 3385 646 3437 θεσι
680 3381 727 3435 Β
798 3389 977 3435 ταῦτα
1012 3383 1111 3435 καὶ
1144 3380 1372 3452 ταχύσει
1400 3378 1614 3435 πλείονι
1652 3381 1726 3447 Μ,
1764 3380 1909 3435 κατὰ
1942 3388 2118 3434 ταῦτα
2154 3381 2253 3433 καὶ

215 3454 532 3525 καταχύσει
566 3461 744 3508 ταῦτα
779 3449 994 3507 πλείονι
1028 3451 1080 3505 V
1185 3460 1365 3506 ταῦτα
1402 3467 1507 3505 om.
1536 3451 1582 3504 B
1628 3450 1748 3504 Gal.
1781 3468 1974 3505 comm.
2005 3454 2109 3502 890

213 3523 442 3580 πλείονι
479 3524 640 3579 codd.
788 3529 855 3577 20
892 3523 967 3593 μὴ
1002 3539 1103 3592 pro
1140 3524 1282 3577 πολὺ
1332 3521 1383 3573 V
