2588 3876
693 195 869 244 ΠΕΡΙ
904 193 1196 245 ΑΡΘΡῼΝ
1233 195 1593 244 ΕΜΒΟΛΗΣ
1631 197 1699 244 63
2078 190 2209 255 215

199 375 388 436 μενον
428 364 559 418 τῶν
606 356 852 437 ἰητρῶν
889 351 1257 437 ἐμβάλλειν.
1335 352 1598 435 σαφέως
1635 355 1760 439 γὰρ
1800 352 2050 417 εἰδέναι
2088 355 2208 438 χρὴ

196 460 288 523 ὅτι
331 459 762 525 ἀποθανεῖται
808 452 860 547 ᾧ
899 459 986 523 ἂν
1032 457 1450 543 ἐμβληθέντα
1496 458 1798 544 ἐμμείνῃ,
1843 458 1955 524 καὶ
2002 459 2042 542 ἡ
2083 461 2208 543 ζωὴ

196 566 263 629 δὲ
324 566 710 650 ὀλιγήμερος
772 567 1069 630 τούτοισι
1133 567 1415 647 γίνεται·
1500 565 1718 648 ὀλίγοι
1783 568 1909 650 γὰρ
1984 566 2207 632 αὐτῶν

192 669 338 736 ἑπτὰ
382 672 621 756 ἡμέρας
658 671 744 736 ἂν
779 671 1288 755 ὑπερβάλλοιεν·
1347 674 1644 754 σπασμὸς
1681 673 1808 756 γὰρ
1847 672 1883 737 ὁ
1922 675 2202 737 κτείνων

190 776 332 842 ἐστί.
421 778 583 864 ἀτὰρ
637 776 748 842 καὶ
800 784 1383 861 γαγγραινοῦσθαι
1440 779 1717 843 ἱκνεῖται
1770 780 1894 862 τὴν
1947 780 2207 862 κνήμην
2262 804 2286 842 5

189 885 288 948 καὶ
331 887 448 949 τὸν
493 886 683 950 πόδα.
765 893 971 949 ταῦτα
1015 886 1301 967 βεβαίως
1338 881 1589 948 εἰδέναι
1636 886 1757 968 χρὴ
1805 884 2015 961 οὕτως
2061 883 2209 950 ἐσό-

189 1011 370 1072 μενα·
418 990 530 1055 καὶ
578 990 703 1055 οὐκ
750 992 835 1054 ἄν
871 1014 985 1073 μοι
1033 989 1219 1054 δοκεῖ
1263 989 1425 1054 οὐδὲ
1462 987 1812 1074 ἐλλέβορος
1848 990 2209 1076 ὠφελῆσαι,

196 1097 573 1181 αὐθημερόν
608 1120 679 1160 τε
716 1094 948 1172 δοθεὶς
984 1096 1093 1160 καὶ
1133 1089 1319 1172 αὖτις
1354 1097 1733 1179 πινόμενος·
1800 1097 2076 1180 ἄγχιστα
2113 1098 2208 1181 δέ,

185 1203 354 1287 εἴπερ
391 1227 483 1287 τι,
531 1211 823 1268 τοιοῦτο·
872 1202 954 1266 οὐ
991 1201 1217 1285 μέντοι
1256 1225 1331 1285 γε
1379 1198 1538 1266 οὐδὲ
1576 1211 1775 1267 τοῦτο
1815 1201 2041 1266 δοκέω.
2118 1203 2204 1287 ἢν

187 1305 252 1372 δὲ
305 1313 392 1394 μὴ
455 1309 755 1394 ἐμβληθῇ
815 1309 982 1393 μηδὲ
1041 1306 1147 1373 ἀπ’
1201 1308 1404 1393 ἀρχῆς
1463 1310 1693 1391 μηδεὶς
1751 1315 2040 1394 πειρηθῇ
2099 1307 2209 1394 ἐμ-
2239 1335 2290 1373 10

185 1416 469 1500 βάλλειν,
515 1418 975 1501 περιγίνονται
1022 1416 1085 1479 οὶ
1131 1420 1432 1479 πλεῖστοι
1478 1415 1715 1480 αὐτῶν.
1808 1417 1929 1500 χρὴ
1976 1412 2050 1480 δὲ
2094 1416 2210 1500 ἡρ-

183 1524 428 1601 μόσθαι
473 1522 598 1603 μὲν
642 1524 765 1605 τὴν
799 1525 1059 1605 κνήμην
1095 1522 1205 1585 καὶ
1241 1523 1364 1585 τὸν
1399 1521 1572 1585 πόδα
1610 1521 1847 1605 οὕτως,
1894 1523 1982 1597 ὡς
2010 1522 2209 1599 αὐτὸς

182 1625 420 1711 ἐθέλει,
486 1638 745 1712 μοῦνον
802 1624 876 1693 δὲ
939 1630 1027 1711 μὴ
1085 1627 1588 1711 ἀπαιωρεύμενα
1641 1623 1806 1710 μηδὲ
1852 1630 2208 1711 κινεύμενα

181 1735 357 1798 ἔστω.
444 1736 774 1819 ἰητρεύειν
821 1731 895 1799 δὲ
933 1743 1221 1819 πισσηρῇ
1259 1731 1370 1797 καὶ
1413 1734 1775 1815 σπλήνεσιν
1813 1735 2207 1817 οἰνηροῖσιν,

181 1838 488 1923 ὀλίγοισι,
547 1842 636 1924 μὴ
702 1842 872 1924 ἄγαν
927 1849 1320 1925 ψυχροῖσιν·
1379 1848 1596 1923 ψῦχος
1649 1841 1774 1923 γὰρ
1839 1836 1916 1903 ἐν
1967 1849 2143 1904 τοῖσι
2195 1838 2286 1926 115

178 1949 540 2012 τοιούτοισι
607 1948 914 2028 σπασμὸν
986 1946 1408 2012 ἐπικαλεῖται.
1518 1945 1855 2029 ἐπιτήδεια
1929 1942 2003 2010 δὲ
2075 1945 2186 2011 καὶ
2208 1962 2311 2009 272

179 2054 469 2118 σεύτλων
516 2055 739 2138 φύλλα
783 2054 823 2138 ἢ
870 2056 1111 2137 βηχίου
1155 2053 1196 2136 ἢ
1244 2054 1452 2118 ἄλλου
1488 2054 1670 2129 τινὸς
1714 2063 1849 2117 τῶν
1884 2054 2208 2117 τοιούτων

179 2156 247 2222 ἐν
292 2161 456 2246 οἴνῳ
502 2158 735 2244 μέλανι
775 2159 1079 2246 αὐστηρῷ
1119 2160 1420 2243 ἡμίεφθα
1457 2157 1838 2224 ἐπιτιθέντα
1877 2160 2208 2243 ἰητρεύειν

178 2261 284 2329 ἐπί
315 2289 388 2330 τε
424 2268 497 2330 τὸ
537 2264 725 2341 ἕλκος
762 2264 873 2329 ἐπί
896 2288 966 2330 τε
1002 2267 1083 2330 τὰ
1123 2264 1541 2349 περιέχοντα,
1579 2274 1840 2350 κηρωτῇ
1871 2265 1945 2330 δὲ
1972 2270 2205 2350 χλιαρῇ

317 2500 345 2545 1
384 2493 640 2582 ἐμβαλεῖν
670 2492 729 2545 Μ
838 2498 868 2545 3
899 2492 969 2560 δὴ
999 2509 1100 2561 pro
1131 2493 1192 2547 δὲ
1221 2491 1350 2544 Wb.
1428 2489 1583 2561 ὀλίγη
1613 2489 1778 2558 μέρος
1805 2490 1856 2544 V
1927 2489 2203 2545 τουτέοισι

177 2560 218 2613 Β
290 2580 581 2632 γενησεται
609 2562 730 2616 MV
803 2562 1016 2617 αὐτέων
1043 2564 1088 2615 Β
1164 2560 1236 2616 ἂν
1267 2565 1400 2616 ante
1429 2562 1549 2615 αὐτ.
1580 2561 1656 2628 Μ,
1685 2578 1790 2615 om.
1821 2560 1873 2613 V
1973 2567 2006 2613 4
2035 2562 2204 2629 ὑπερ-

212 2636 399 2688 αλοῖεν
438 2634 488 2685 V
616 2640 647 2685 5
706 2631 854 2687 ἐστίν
891 2633 1013 2686 MV
1111 2654 1268 2702 γανγ.
1309 2636 1364 2686 Γ
1475 2630 1638 2687 ἱκνέε.
1679 2630 1840 2685 codd.
1954 2631 2057 2700 τὴν
2093 2648 2201 2685 om.

239 2703 290 2755 V
453 2710 484 2757 6
540 2713 716 2758 ταῦτα
748 2747 757 2757 .
791 2746 802 2757 .
837 2748 847 2757 .
880 2702 1115 2772 ἐσόμενα
1153 2721 1260 2757 om.
1302 2707 1355 2756 Γ
1473 2704 1603 2771 post
1640 2702 1741 2756 εἰδ.
1783 2702 1911 2755 add.
1951 2702 2012 2756 δὲ
2051 2702 2095 2754 Β

177 2778 206 2824 7
244 2773 428 2830 δοκέει
465 2775 596 2842 ΒΓ,
635 2773 747 2829 -έοι
784 2775 868 2842 Μ,
909 2774 996 2843 -έη
1035 2774 1086 2827 V
1195 2771 1334 2828 οὐθ’
1376 2773 1456 2838 Μ,
1507 2769 1631 2827 οὔτ’
1671 2773 1722 2826 V
1832 2770 1967 2844 ἐλέβ.
2007 2772 2121 2826 VP

177 2848 207 2896 8
261 2845 591 2938 αὐθήμερόν
623 2888 634 2899 .
669 2889 679 2899 .
714 2846 941 2900 ,αὐτῶν
993 2848 1103 2915 (11)
1150 2862 1257 2898 om.
1315 2849 1367 2897 Γ
1505 2845 1808 2913 αὐθημερω
1855 2844 1901 2895 Β
2046 2838 2206 2906 αὖτις

177 2918 400 2986 scripsi,
441 2919 577 2971 αυθ.
617 2917 779 2970 codd.
964 2923 995 2969 9
1035 2936 1095 2985 γε
1132 2933 1239 2969 om.
1280 2914 1401 2967 MV
1584 2920 1650 2967 10
1697 2914 1760 2970 δὲ
1798 2931 1867 2968 ss,
1907 2913 1957 2967 V
2064 2914 2204 2984 μηδὲ

177 2987 504 3056 εἰσπειρηθῆ
545 2990 645 3057 (-ει
681 2987 747 3055 Β)
786 2987 988 3053 BMV,
1045 3003 1147 3040 em.
1186 2986 1320 3039 Litt.
1490 2993 1572 3039 11.
1614 2991 1678 3038 12
1727 2987 1858 3039 ante
1905 2984 2032 3054 ἡρμ.
2073 2985 2201 3039 add.

182 3058 277 3111 καὶ
312 3058 364 3111 V
475 3057 761 3127 ὀρμ”σθαι
800 3060 856 3111 et
892 3079 973 3127 γρ.
1005 3059 1103 3111 καὶ
1139 3056 1428 3126 ἡρμόσθαι
1455 3058 1491 3110 i.
1523 3075 1594 3109 m.
1634 3056 1719 3123 Μ,
1756 3055 2047 3125 ἡρμασθαι
2088 3060 2141 3110 Γ

182 3132 242 3180 13
282 3130 578 3197 ἀπαιωρημ
614 3149 688 3183 να
717 3129 787 3193 Β,
828 3127 1005 3196 -ρεόμ,
1036 3128 1180 3193 MV,
1228 3129 1661 3194 ἀποεωρευμενα
1689 3131 1742 3181 Γ
1845 3126 2053 3196 κινεόμ.
2083 3127 2205 3180 MV

292 3206 359 3252 14
408 3199 674 3266 σπλήνεσι
711 3200 809 3253 καὶ
846 3200 951 3253 οἰν.
990 3198 1042 3252 V
1158 3199 1474 3266 οἰνηρηισιν
1511 3198 1556 3251 Β
1705 3202 1769 3250 15
1819 3198 1895 3251 ὀλ.
1936 3215 2041 3251 om.
2080 3197 2202 3261 ΒΓ,

177 3267 380 3340 ὀλίγοις
416 3270 536 3323 MV
643 3279 910 3341 ψυχροῖσι
937 3268 1120 3322 MVP
1222 3270 1406 3338 ψύχος
1432 3268 1483 3322 V
1629 3274 1693 3321 16
1733 3266 2001 3323 ἐπικαλέε.
2041 3267 2202 3321 codd.

283 3347 347 3394 17
398 3341 582 3410 φύλλα
619 3341 856 3395 τεύτλων
895 3340 977 3406 Μ,
1034 3359 1080 3393 τ.
1122 3359 1179 3408 φ.
1220 3339 1271 3392 V
1417 3345 1484 3393 18
1531 3339 1796 3409 ἡμιεφθω
1837 3343 1890 3391 Γ
2002 3339 2203 3392 ἐπιτει-

182 3410 395 3465 θέοντα
432 3412 503 3478 Β,
562 3410 821 3466 -τιθέντα
867 3411 1013 3476 MV,
1070 3414 1364 3465 -τιθεοντα
1403 3414 1456 3463 Γ
1577 3410 1716 3478 ἰητρ.
1766 3410 1873 3462 del.
1922 3411 1980 3462 et
2025 3408 2203 3462 ἐπιτε-

179 3479 356 3535 θέντα
393 3482 662 3552 vulgatae
700 3482 940 3536 servavit
976 3482 1124 3534 Erm.
1276 3485 1340 3533 19
1388 3501 1447 3534 τε
1486 3482 1617 3533 ante
1653 3480 1716 3533 τὸ
1756 3497 1860 3532 om.
1900 3479 1988 3542 B¹‚
2030 3494 2098 3530 se.
2130 3478 2204 3530 13²

278 3573 337 3607 τε
374 3570 476 3621 pro
514 3552 576 3608 δὲ
614 3554 723 3607 ΒΓ
816 3556 1001 3622 χλιερῆ
1039 3551 1158 3604 MV
