2588 3876
299 129 387 195 52
1039 132 1506 184 mmm
1540 135 1576 185 4

300 295 551 380 φότερα
590 294 900 378 mem,
957 292 1388 378 ἰσχυροτάτης
1438 293 1827 369 κατατάσιος
1878 293 2114 358 δεῖται·
2177 313 2336 357 παι-

301 402 453 465 δίου
516 400 639 484 μὲν
700 400 827 484 γὰρ
889 399 1016 483 ἤδη
1077 395 1262 465 εἶδον
1318 398 1771 464 καταταθέντα
1825 403 2079 480 μᾶλλον
2136 397 2177 482 ’ἢ
2238 400 2336 477 ὡς

300 504 470 589 ἔδει,
527 507 591 571 οἱ
639 506 713 571 δὲ
764 511 1063 571 πλεῖστοι
1115 501 1327 589 ἧσσον
1371 508 1700 571 τείνονται
1752 504 1793 589 ἢ
1849 506 1938 581 ὡς
1993 507 2110 570 δεῖ.
2202 508 2338 591 χρὴ

200 631 304 679 430
333 610 391 677 δ’
403 661 422 696 ,
459 610 623 696 ἐπὴν
655 616 941 696 τείνωσι,
982 613 1062 676 τὰ
1098 611 1355 698 θέναρα
1379 613 1881 698 προσβάλλοντα
1919 612 1930 696 Ι
1970 613 2334 698 διορθοῦν·

248 743 274 783 5
302 717 523 785 ἔπειτα
568 721 884 804 χρίσαντα
928 728 1187 805 κηρωτῇ
1231 721 1321 803 μὴ
1364 720 1543 784 πάνυ
1586 723 1826 805 πολλῇ,
1882 718 1971 795 ὡς
2014 720 2103 802 μὴ
2146 739 2336 805 περι-

301 824 463 911 πλέῃ
502 827 582 890 τὰ
617 824 1034 909 ἐπιδέσματοε,
1080 808 1290 902 οὕτως
1338 823 1610 909 ἐπιδεῖν,
1647 825 1825 901 ὅπως
1857 826 1946 909 μὴ
1986 824 2333 911 κατωτέρω

304 934 512 1019 ἄκρην
557 934 679 1016 τὴν
723 942 909 1017 χεῖρα
954 930 1082 1009 ἕξει
1126 940 1247 997 τοῦ
1296 931 1619 1015 ἀγκῶνος,
1678 931 1845 996 ἀλλὰ
1888 940 2140 1018 σμικρῷ
2194 955 2334 996 τινι

303 1038 629 1124 ἀνωτέρω,
675 1039 763 1115 ὡς
805 1040 894 1122 μὴ
938 1040 1012 1104 τὸ
1057 1030 1219 1120 αἷμα
1264 1036 1332 1115 ἐς
1376 1039 1583 1124 άκρον
1627 1036 1915 1124 ἐπιρρέῃ,
1962 1037 2125 1102 ἀλλὰ
2170 1037 2326 1102 ἀπο-

305 1147 730 1230 λαμβάνηται.
839 1142 1063 1210 ἔπειτα
1126 1144 1382 1210 ἐπιδεῖν
1441 1169 1532 1232 τω
1606 1144 1858 1232 ὀθονίῳ
1930 1146 2051 1228 τὴν
2123 1144 2336 1230 ἀρχὴν

228 1276 279 1316 10
305 1255 706 1336 βαλλόμενος
751 1252 915 1316 κατὰ
957 1252 1031 1316 τὸ
1076 1252 1393 1335 κάτηγμα,
1440 1225 1713 1337 ἐρείδων
1754 1250 1897 1335 μέν,
1951 1253 2040 1335 μὴ
2092 1249 2336 1329 πιέζων

306 1359 382 1423 δὲ
424 1359 646 1443 κάρτα.
739 1357 903 1442 ἐπὴν
958 1358 1034 1424 δὲ
1083 1359 1402 1444 περιβάλῃ
1458 1359 1622 1423 κατὰ
1673 1358 1885 1422 τώυτὸ
1932 1359 2036 1435 δὶς
2083 1357 2123 1441 ἢ
2167 1360 2335 1443 τρίς,

307 1462 415 1530 ἐπὶ
439 1465 513 1529 τὸ
552 1466 688 1529 ἅνω
724 1464 1026 1547 νεμέσθω
1057 1463 1359 1548 ε’πιδέων,
1396 1465 1508 1530 ἵνα
1545 1467 1612 1529 αἱ
1650 1462 1950 1551 ἐπιρροαὶ
1986 1473 2105 1530 τοῦ
2142 1465 2338 1546 αἳμα-

306 1595 419 1648 τος
472 1570 1094 1655 ἀπολαμβάνωνται·
1149 1572 1259 1636 καὶ
1304 1572 1748 1655 τελευτησάτω
1794 1577 1992 1636 κεῖθι.
2080 1572 2201 1656 χρὴ
2258 1571 2339 1636 δὲ

304 1680 394 1762 μὴ
437 1680 654 1764 μακρὰ
710 1673 881 1743 εἶναι
926 1679 1006 1742 τὰ
1058 1688 1285 1763 πρῶτα
1340 1676 1596 1742 ὀθόνια.
1686 1688 1821 1742 τῶν
1876 1677 1952 1742 δὲ
2004 1675 2339 1762 δευτέρων

232 1806 281 1849 15
310 1783 605 1850 ὀθονίων
664 1785 787 1868 τὴν
840 1784 963 1866 μὲν
1021 1783 1229 1870 ἀρχὴν
1286 1784 1652 1868 βάλλεσθαι
1717 1783 1823 1848 ἐπὶ
1884 1784 1957 1848 τὸ
2021 1784 2338 1867 κάτηγμα.

306 1891 683 1977 περιβαλὼν
738 1891 812 1956 δὲ
868 1888 1034 1968 ἅπαξ
1090 1889 1158 1967 ἐς
1208 1891 1448 1975 τώυτό,
1506 1893 1727 1956 ἔπειτα
1778 1889 2080 1973 νεμέσθω
2137 1889 2203 1967 ἐς
2255 1891 2334 1956 τὸ

309 1999 481 2062 κάτω
528 1998 638 2062 καὶ
684 1995 790 2061 ἐπὶ
825 1993 1036 2080 ἧσσον
1070 1996 1309 2076 πιέζων
1343 1999 1454 2062 καὶ
1491 1996 1598 2062 ἐπὶ
1630 1997 1826 2080 μέζον
1862 1998 2336 2081 διαβιβάσκων,

310 2102 433 2179 ἕως
504 2102 588 2167 ἂν
660 2103 837 2190 αὐτῷ
904 2104 1135 2169 ἱκανὸν
1197 2103 1465 2187 γένηται
1528 2106 1602 2168 τὸ
1666 2103 1945 2169 ὀθόνιον
2007 2103 2338 2168 ἀνάπαλιν

312 2211 636 2294 δρομῆσαι
694 2215 903 2292 κεῖθι,
962 2210 1074 2274 ’ἵνα
1126 2232 1248 2296 περ
1303 2211 1378 2275 τὸ
1433 2209 1659 2297 ἕτερον
1704 2208 2140 2293 ἐτελεύτησεν.
2229 2208 2338 2274 ε’ν-

232 2342 286 2382 20
311 2321 534 2380 ταῦθα
576 2315 700 2397 μὲν
754 2310 880 2381 οὖν
932 2317 1012 2380 τὰ
1070 2316 1313 2382 ὀθόνια
1371 2315 1469 2380 ε’π’
1524 2316 1832 2403 ἀριστερὰ
1887 2315 1929 2400 ἢ
1987 2315 2094 2382 ἐπὶ
2152 2316 2339 2393 δεξιὰ

314 2421 745 2506 έπιδεδέσθω,
781 2421 821 2504 ἢ
869 2421 977 2487 ἐπὶ
1021 2422 1300 2508 ὁπότερα
1345 2422 1430 2488 ἂν
1471 2422 1771 2509 συμφέρῃ
1808 2424 1974 2509 πρὸς
2007 2424 2082 2486 τὸ
2122 2432 2340 2507 σχῆμα

312 2537 431 2594 τοῦ
523 2530 931 2612 κατήγματος
1011 2530 1121 2594 καὶ
1202 2527 1307 2614 ἐφ’
1397 2529 1679 2615 ὁπότερα
1752 2529 1835 2594 ἂν
1914 2527 2342 2616 περιρρέπειν

458 2691 491 2738 4
525 2687 707 2741 ταθὲν
724 2685 838 2754 ἄρα
856 2702 958 2756 pro
975 2685 1048 2739 τὰ
1082 2684 1342 2741 θέν.ΜῩ
1450 2693 1481 2740 6
1521 2684 1817 2752 3n.BMV‚
1849 2683 1929 2740 ὅκ.
1953 2685 2338 2751 DFHIJKN,

317 2756 440 2810 Gal.
480 2773 673 2810 comm.
706 2762 808 2810 369
1026 2762 1055 2809 7
1095 2777 1224 2826 μικρ
1227 2779 1271 2811 ω
1308 2757 1354 2810 Β
1564 2758 1663 2811 καὶ
1695 2774 1796 2826 pro
1831 2777 1944 2812 τινι
1981 2756 2199 2824 B²MV‚
2235 2758 2342 2811 καὶ

312 2826 523 2881 lmeola
559 2828 671 2881 del.
708 2829 767 2881 et
799 2848 912 2882 τινι
950 2845 1019 2882 ss.
1053 2828 1129 2880 B⁸
1237 2833 1269 2881 8
1309 2827 1585 2897 ἀνωτέρω,
1621 2827 1758 2896 τέρω
1795 2828 1856 2881 in
1891 2844 2017 2883 raso
2053 2827 2177 2881 loco
2214 2826 2268 2880 V

314 2898 620 3023 (1(ιιΙραΒθῘῃ11ίῖ
634 2898 932 3024 ἑῌέπεῗῖεἴ
949 2898 1053 3036 ΒἿῘ
1056 2898 1438 3026 ρὶῃθὲεοὲοὲξ
1464 2850 1736 3043 ἀῗθξῖίοξ
1759 2898 1990 3024 31ᾶῖαέὀῦ
1994 2907 2177 3023 vloxgg
2180 2919 2341 3022 V
2245 2899 2341 2968 Bl'

318 3044 386 3092 10
421 3042 551 3109 post
586 3041 687 3109 μὲν
726 3039 857 3096 add.
886 3036 990 3096 ουν
1017 3013 1143 3106 MV,
1182 3058 1287 3096 om.
1318 3041 1364 3094 B
1475 3047 1538 3095 11
1577 3024 1892 3112 περιβάλλει
1918 3041 1983 3109 Β,
2020 3043 2142 3113 -λλῃ
2180 3039 2232 3094 V

312 3145 377 3201 τὸ
415 3146 553 3200 αὐτὸ
590 3146 663 3213 Β,
707 3145 964 3239 τόῘΙΙΛϋτὸ
1000 3146 1085 3215 Μ,
1134 3147 1198 3201 τὸ
1246 3147 1389 3201 ὠυτὸ
1427 3146 1479 3201 V
1623 3153 1690 3201 14
1727 3169 1871 3217 μακρ
1874 3169 1912 3202 α
1947 3148 1993 3201 Β
2095 3146 2200 3216 τὴν
2234 3164 2342 3216 pro

313 3225 427 3272 τῶν
463 3216 516 3270 V
626 3223 694 3271 16
735 3217 1080 3289 περιβάλλων
1115 3218 1161 3271 Β
1232 3238 1409 3273 τουτω
1447 3218 1509 3285 Β,
1554 3219 1617 3273 τὸ
1658 3220 1794 3274 αὐτὸ
1832 3218 1952 3274 MV
2060 3224 2125 3272 17
2164 3217 2346 3288 μέζων

316 3288 376 3340 Μ
446 3289 871 3390 διαβιβρώσκων
905 3289 958 3343 V
1120 3294 1185 3343 18
1224 3290 1300 3353 ὡς
1337 3290 1522 3356 codd,
1571 3291 1769 3359 scripsi
1816 3289 1919 3354 ἕως
2079 3295 2144 3344 19
2184 3294 2343 3345 κεῖθι

204 3401 207 3404 ,
318 3376 423 3413 om.
460 3359 552 3428 131,
590 3360 765 3413 adeor.
795 3360 870 3413 B⁸
1011 3366 1077 3414 21
1117 3360 1153 3430 ἠ
1190 3361 1278 3426 131,
1320 3360 1426 3414 del.
1456 3361 1530 3414 Β8
1602 3360 1755 3417 ὁπότ.
1794 3362 1883 3429 131,
1920 3364 2056 3416 mut
2089 3362 2151 3415 in
2188 3360 2340 3416 ὁκὸτ.

316 3430 406 3499 B³‚
445 3429 528 3485 ὁκ.
569 3431 672 3485 oet.
748 3431 914 3500 ξυμφ.
953 3431 1075 3485 MV
1226 3438 1292 3485 22
1333 3452 1684 3502 καταγματος
1719 3433 1782 3501 Β,
1832 3431 2005 3488 κατεά
2006 3453 2091 3503 γ.μ
2129 3432 2294 3486 MV'

319 3501 431 3556 ὁπ
447 3502 509 3569 Β,
551 3500 632 3556 du.
673 3503 775 3556 cet.
849 3504 980 3571 post
1013 3521 1225 3571 περιρρ.
1266 3503 1395 3557 add.
1434 3525 1469 3573 η
1506 3504 1596 3572 13²,
1635 3504 1741 3559 del.
1779 3505 1854 3558 13⁸
