2588 3876
865 135 1038 186 ΠΕΡΙ
1072 133 1327 186 ΔΓΜΩΝ
1365 136 1415 185 8.
1446 137 1478 185 9
2099 130 2181 195 61

163 294 273 362 καὶ
328 298 411 361 τὰ
464 297 636 361 ἄλλα
679 295 892 361 πάντα
937 294 1158 379 ὀστεά,
1213 294 1281 372 ἐς
1335 295 1493 380 ὅπερ
1539 292 1792 379 πέφυκε
1844 295 2187 378 διεστραμ-

165 400 362 488 μένα,
418 401 488 479 ἐς
533 410 733 467 τοῦτο
777 400 887 467 καὶ
945 404 1378 488 ἱητρευόμενα
1421 407 1604 485 φιλεῖ
1649 400 2189 485 διαστρέφεσθαι,

167 509 334 593 ἐπὴν
368 518 638 594 καταγῇ.
710 510 833 594 χρὴ
875 511 1130 592 τοίνυν,
1167 507 1333 591 ἐπὴν
1375 509 1685 573 τοιοῦτόν
1720 530 1783 572 τι
1830 507 2190 593 ὑποπτεύῃ,

166 619 389 701 ταινίῃ
435 617 706 700 πλατείη
752 615 1397 703 προσεπιλαμβάνειν
1440 615 1560 679 τὸν
1603 617 1930 700 βραχίονα
1968 615 2189 701 κύκλῳ

167 720 324 808 περὶ
388 723 466 786 τὸ
531 729 780 806 στῆθος
841 721 1261 806 περιδέοντα,
1327 719 1439 785 καὶ
1503 719 1668 804 ἐπὴν
1731 720 2192 786 ἀναπαύεσθαι
2247 749 2270 790 5

169 828 400 914 μέλλῃ,
445 831 695 913 μεσηγὺ
732 837 853 892 τοῦ
891 827 1188 910 ἀγκῶνος
1223 826 1334 892 καὶ
1378 837 1513 892 τῶν
1552 827 1893 912 πλευρέων
1936 826 2195 910 σπλῆνα

168 959 323 1000 τινα
381 936 808 1019 πολύπτυχον
869 932 1201 1011 πτύξαντα
1256 931 1656 999 ὑποτιθέναι
1713 935 1753 1018 ἢ
1813 935 1973 999 ἄλλο
2033 956 2099 998 τι
2156 932 2193 997 ὃ

171 1042 390 1129 τούτῳ
448 1038 689 1105 ἔοικεν·
754 1042 925 1106 οὕτω
970 1042 1096 1125 γὰρ
1144 1040 1230 1106 ἂν
1275 1040 1722 1126 ἀλορδότατον
1765 1041 1840 1105 τὸ
1886 1041 2196 1125 κύρτωμα

171 1157 293 1212 τοῦ
352 1146 587 1213 ὀστέου
650 1147 930 1231 γένοιτο.
1021 1149 1488 1232 φυλάσσεσθαι
1534 1148 1610 1212 δὲ
1654 1146 1783 1212 αἰεὶ
1829 1148 1973 1232 χρή,
2020 1146 2197 1222 ὅπως

175 1256 264 1339 μὴ
313 1256 487 1338 ἄγαν
532 1254 890 1339 ὃιαστρέψῃ
937 1252 1005 1330 ἐς
1048 1255 1123 1319 τὸ
1171 1257 1297 1319 ἔσω
1344 1253 1561 1340 μέρος.
2225 1283 2277 1322 ιο

312 1360 374 1425 9.
413 1362 599 1438 Ποὺς
621 1356 695 1425 δὲ
714 1359 1079 1445 ἀνθρώπου
1109 1359 1466 1425 ἐκπολλῶν
1493 1359 1603 1424 καὶ
1632 1371 1929 1445 σμικρῶν
1950 1357 2198 1424 ὀστέων

176 1469 549 1551 σύγκειται,
604 1469 822 1553 ὥσπερ
868 1465 979 1532 καὶ
1024 1465 1164 1551 χεὶρ
1221 1469 1405 1553 ἄκρη.
1493 1467 1898 1550 κατάγνυται
1948 1467 2072 1551 μὲν
2116 1465 2198 1530 οὐ

170 1575 358 1640 πάνυ
403 1596 468 1638 τι
511 1581 717 1638 ταῦτα
759 1575 840 1638 τὰ
884 1572 1109 1656 ὀστέα,
1153 1573 1239 1656 ἢν
1283 1574 1372 1657 μὴ
1418 1576 1548 1638 σὺν
1590 1581 1681 1659 τῷ
1728 1571 1927 1657 χρωτὶ
1973 1596 2200 1657 τιτρω-

174 1679 482 1767 σκομένῳ
526 1679 657 1744 ὑπὸ
700 1678 880 1758 ὀξέος
915 1681 1097 1757 τινὸς
1133 1680 1173 1764 ἢ
1210 1679 1465 1764 βαρέος.
1537 1681 1617 1744 τὰ
1652 1676 1775 1764 μὲν
1811 1674 1938 1744 οὖν
1971 1701 2201 1763 τιτρω-

177 1790 472 1871 σκόμενα
499 1785 572 1851 έν
599 1784 932 1851 ἕλκωσίων
968 1785 1150 1872 μέρει
1183 1787 1533 1870 εἰρήσεται,
1570 1787 1658 1863 ὡς
1694 1787 1817 1870 χρὴ
1856 1786 2199 1870 ἰητρεύειν.
2228 1813 2279 1853 15

177 1895 266 1979 ἢν
304 1893 389 1958 δέ
417 1916 482 1958 τι
518 1898 765 1978 κινηθῇ
804 1891 876 1958 ἐκ
911 1902 1027 1977 τῆς
1062 1894 1276 1978 χώρης
1312 1893 1353 1978 ἢ
1388 1903 1524 1959 τῶν
1561 1893 1904 1958 δακτύλων
1940 1892 2202 1978 ἄρθρον

175 2002 219 2086 ἢ
259 2003 424 2065 ἄλλο
462 2024 528 2065 τι
561 2011 696 2065 τῶν
732 1999 979 2065 ὀστέων
1013 2009 1133 2065 τοῦ
1168 2009 1418 2085 ταρσοῦ
1456 1999 1881 2085 καλεομένου,
1924 1998 2207 2082 ἀναγκά-

176 2112 317 2187 ζειν
365 2107 489 2190 μὲν
532 2108 654 2191 χρὴ
709 2105 777 2183 ἐς
820 2107 943 2189 τὴν
997 2104 1246 2172 ἑωυτοῦ
1304 2108 1527 2191 χώρην
1571 2106 1869 2190 ἕκαστον,
1922 2108 2140 2190 ὥσπερ
2191 2102 2202 2192 Ι

174 2213 292 2280 καὶ
340 2215 420 2279 τὰ
474 2211 549 2278 ἐν
591 2222 669 2299 τῇ
725 2211 892 2298 χειρὶ
948 2214 1223 2297 εἴρηται·
1282 2214 1610 2298 ἰητρεύειν
1656 2210 1730 2278 δὲ
1772 2223 2032 2299 κηρωτῇ
2077 2211 2187 2277 καὶ
2205 2230 2310 2280 450

178 2321 509 2403 σπλήνεσι
541 2318 651 2385 καὶ
688 2319 1046 2402 ὀθονίοισι,
1084 2321 1301 2404 ὥσπερ
1338 2318 1449 2384 καὶ
1486 2322 1565 2385 τὰ
1600 2322 1995 2404 κατήγματα,
2033 2322 2206 2403 πλὴν
2234 2347 2287 2387 80

175 2430 568 2512 ναρθήκων,
605 2427 725 2491 τὸν
761 2425 885 2510 μὲν
920 2426 1125 2491 αὐτὸν
1160 2428 1410 2510 τρόπον
1444 2431 1805 2510 πιεζεῢντα,
1845 2427 1955 2491 διὰ
1984 2430 2208 2511 τρίτης

334 2571 364 2617 1
403 2559 573 2619 τᾶλλα
609 2565 693 2632 Μ,
731 2562 782 2619 τ’
819 2560 955 2619 ἄλλα
991 2564 1042 2618 V
1125 2565 1181 2628 ἐς
1216 2581 1323 2618 om.
1353 2565 1472 2619 MV
1553 2565 1696 2633 ἅπερ
1733 2564 1784 2618 V
1928 2571 1959 2618 2
1997 2562 2210 2634 οφιλέει

173 2638 245 2704 Β,
287 2657 320 2691 ο
364 2635 468 2689 del.
497 2636 572 2689 B³
716 2642 746 2689 3
784 2644 1027 2706 κατεαγῆ
1065 2636 1240 2701 codd„
1281 2636 1492 2691 correxi
1588 2645 1808 2690 τοιοῦτο
1845 2636 1965 2690 MV
2071 2636 2208 2690 ὑπο-

174 2707 461 2777 πτεύηται
497 2707 617 2761 MV
761 2713 793 2760 5
830 2705 958 2775 περί
992 2726 1051 2760 τε
1086 2707 1148 2761 τὸ
1185 2708 1231 2760 Β
1371 2713 1400 2761 7
1437 2706 1705 2762 πουλύπτ.
1735 2707 1794 2760 Μ
1936 2712 1969 2759 8
2004 2705 2209 2761 τουτέω

177 2779 311 2833 ΜῪ
414 2782 664 2847 αλορὸοτ.
703 2779 766 2845 Β,
806 2779 907 2833 ἰθὺ
943 2795 1044 2847 pro
1082 2779 1165 2832 ἀλ.
1194 2778 1316 2832 MV
1458 2785 1489 2832 9
1527 2776 1756 2848 γένηται
1791 2778 1843 2832 V
1923 2777 1985 2833 δὲ
2022 2798 2112 2832 αει
2146 2761 2211 2845 Β,

179 2851 306 2906 αἰεὶ
321 2866 453 2932 —0m.
482 2850 542 2903 M
614 2848 803 2919 μέντοι
838 2866 938 2918 pro
977 2848 1040 2904 δὲ
1077 2849 1192 2903 αἰεὶ
1226 2849 1272 2903 V
1424 2854 1489 2902 10
1528 2848 1837 2922 διαστρέψῃ
1885 2866 1990 2903 om.
2021 2849 2141 2903 MV

179 2945 252 2992 11
295 2943 353 2991 Δ
387 2939 519 3006 περὶ
550 2938 728 3001 ποδὸς
770 2938 857 2992 tit.
896 2938 968 3004 Β,
1013 2939 1144 3006 περὶ
1176 2935 1355 3001 ποδός
1387 2938 1475 2991 tit.
1505 2937 1626 2991 MV
1761 2947 1904 3002 ποῦς
1939 2938 1991 2992 V
2124 2956 2209 3008 σμ.

173 3011 378 3076 Bosq„
415 3029 470 3077 μ.
510 3010 669 3063 codd.
817 3015 881 3062 12
928 3010 1079 3079 ξυγκ.
1118 3009 1239 3063 MV
1318 3010 1418 3063 καὶ
1453 3011 1585 3063 ante
1629 3010 1747 3081 χεὶρ
1784 3027 1889 3064 om.
1920 3010 2041 3064 MV
2112 3010 2213 3080 μὲν

177 3083 253 3137 οὗ
294 3081 436 3133 mut.
465 3079 540 3132 13³
574 3080 635 3133 in
670 3102 723 3150 μ.
762 3076 865 3136 οὖν
903 3082 969 3134 οὐ
1114 3085 1180 3133 13
1219 3080 1269 3134 εἰ
1305 3096 1405 3149 pro
1444 3078 1516 3149 ἢν
1552 3080 1605 3134 V
1710 3082 1812 3146 ξυν
1848 3081 1968 3135 ΜῪ
2074 3082 2213 3153 χρώ-

177 3172 326 3222 ματι
364 3150 485 3204 ΜῪ
633 3151 1084 3221 τητρωσκόμενον
1121 3152 1184 3217 Β,
1239 3171 1438 3221 -μενον
1481 3153 1617 3205 mut.
1656 3153 1731 3205 B⁸
1782 3153 1843 3206 in
1896 3152 2070 3222 -μένω

181 3229 257 3276 15
307 3221 600 3290 ἑλκώσηων
637 3222 688 3276 Ὺ
830 3221 968 3291 μέρη
1012 3222 1058 3274 Β
1204 3227 1269 3275 16
1319 3220 1354 3291 ἢ
1402 3223 1509 3276 del.
1547 3223 1622 3275 Β*
1754 3223 1989 3293 ἄρθρων
2025 3225 2070 3277 Β

182 3299 256 3347 17
300 3296 562 3361 καλεουμ.
607 3293 659 3347 V
758 3312 1064 3364 καταναγκ.
1103 3294 1444 3362 exemplaria
1489 3295 1768 3361 quaedam
1801 3296 2069 3349 memoria
2106 3294 2213 3347 Ga-

176 3364 312 3418 leni
341 3362 539 3426 XVIII,
569 3369 617 3430 2,
639 3370 741 3418 439
890 3370 955 3418 19
1004 3366 1134 3418 ante
1180 3366 1320 3434 ἰητρ.
1360 3364 1487 3417 add.
1528 3366 1627 3418 καὶ
1661 3365 1780 3419 MV
1924 3367 2053 3418 ante
2089 3385 2210 3432 κηρ.

181 3434 329 3489 add.
368 3434 471 3487 καὶ
504 3436 724 3500 punctis
759 3435 1038 3489 inclusum
1072 3435 1119 3488 B
1299 3440 1367 3488 20
1415 3434 1730 3491 ὀθονίοισιν
1767 3436 1817 3488 V
1969 3440 2033 3487 21
2084 3435 2214 3486 ante

181 3508 368 3573 ναρθ.
413 3503 545 3555 add.
581 3514 685 3561 τῶν
721 3506 841 3560 MV
