2588 3876
636 135 809 184 ΠΕΡΙ
842 133 1132 186 ΑΡΘΡΩΝ
1167 134 1528 186 ΕΜΒΟΑΗΣ
1566 138 1649 186 11.
1691 138 1755 185 12
2092 133 2213 196 131

228 302 333 357 τοῦ
375 295 533 359 κατὰ
575 295 696 376 τὴν
753 295 1127 379 μασχάλην,
1188 294 1530 380 κατωτέρω
1592 295 1667 359 δὲ
1712 295 1911 382 ὀλίγῳ
1957 305 2070 379 τῆς
2114 320 2218 361 κε-

222 403 418 482 φαλῆς
469 410 586 465 τοῦ
640 403 1017 485 βραχίονος·
1082 403 1192 466 καὶ
1245 402 1321 466 τὸ
1376 402 1499 485 μὲν
1556 402 1762 488 δέρμα
1815 401 2047 478 τελέως
2093 404 2215 488 χρὴ

221 505 552 591 διακαίειν,
624 511 910 592 βαθεῖαν
983 504 1056 572 δὲ
1127 503 1293 593 μηδὲ
1375 509 1620 591 ταύτην
1691 509 1898 593 κάρτα
1969 519 2215 574 ποιεῖν·

216 611 512 694 πολέμιον
547 615 674 699 γὰρ
709 624 842 699 πῦρ
881 616 1175 701 νεύροις·
1225 616 1553 699 ἰητρεύειν
1599 615 1720 698 μὲν
1767 610 1892 681 οὖν
1938 616 2060 701 χρὴ
2107 616 2219 680 διὰ

221 717 415 801 πάσης
458 729 570 803 τῆς
628 721 914 805 ῑητρείης
959 722 1038 785 τὰ
1083 720 1303 804 ἕλκεα,
1362 721 1685 804 μηδέποτε
1733 723 2016 808 ἰσχυρῶς
2063 721 2219 786 άνα-
2272 746 2296 787 5

218 828 503 891 τείνοντα
547 827 665 891 τὸν
699 829 1042 914 βραχίονα,
1091 826 1257 892 ἀλλὰ
1291 831 1571 914 μετρίως
1607 828 1771 895 ὅσον
1806 839 1939 893 τῶν
1979 827 2219 894 ἑλκέων

215 929 559 1016 ἐπιμελείης
606 934 853 999 εἵνεκα·
920 928 1129 1017 ἧσσον
1188 930 1314 1018 μὲν
1371 936 1495 1021 γὰρ
1553 933 1638 999 ἂν
1694 936 2083 1019 διαψύχοιτο
2130 973 2218 982 -

213 1037 516 1124 συμφέρει
563 1041 690 1126 γὰρ
735 1041 951 1105 πάντα
996 1042 1076 1106 τὰ
1121 1041 1420 1122 καύματα
1464 1040 1753 1125 σκέπειν,
1801 1041 1889 1118 ὡς
1933 1040 2043 1106 καὶ
2081 1040 2218 1106 ἑπι-

207 1143 411 1222 εικέως
458 1147 886 1231 ῑητρεύεσθαι
932 1184 1046 1231 -,
1101 1142 1313 1231 ἧσσον
1359 1145 1417 1212 δ’
1474 1146 1559 1212 ἂν
1604 1146 2056 1232 ἐκπλίσσοιτο,
2100 1144 2217 1231 ἦσ-

210 1267 317 1315 σον
361 1250 419 1317 δ’
475 1252 561 1317 ἂν
609 1254 1076 1339 αἱμορραγοίη,
1133 1248 1347 1337 ἧσσον
1394 1252 1481 1328 δ’,
1504 1253 1588 1319 ἂν
1642 1255 1938 1339 σπασμὸς
1991 1252 2207 1337 ἐπιγέ-
2234 1281 2286 1320 ιο

169 1385 173 1391 ’
203 1379 385 1423 νοιτο.
459 1360 623 1425 ὅταν
661 1361 736 1426 δὲ
764 1360 845 1444 δὴ
883 1361 1149 1446 καθαρὰ
1179 1360 1446 1443 γένηται
1472 1362 1552 1425 τὰ
1588 1360 1805 1444 ἕλκεα,
1844 1360 1909 1437 ἐς
1946 1361 2213 1437 ὠτειλάς

204 1487 263 1527 τε
305 1466 395 1550 ἴῃ,
452 1468 602 1531 τότε
659 1467 741 1551 δὴ
797 1465 906 1531 καὶ
952 1467 1328 1532 παντάπασι
1386 1469 1508 1551 χρὴ
1555 1465 1683 1532 αἰεὶ
1727 1469 1846 1533 τὸν
1889 1470 2214 1552 βραχίονα

200 1572 347 1656 πρὸς
399 1583 554 1659 τῇσι
610 1578 932 1658 πλευρῇσι
989 1572 1308 1639 δεδέσθαι
1362 1571 1472 1637 καὶ
1526 1574 1734 1638 νύκτα
1786 1572 1897 1638 καὶ
1943 1573 2211 1658 ἡμέρην.

201 1675 346 1762 ἀτὰρ
408 1677 522 1745 καὶ
589 1680 748 1744 ὅταν
804 1680 966 1763 ὑγιᾶ
1008 1676 1304 1763 ’γένηται
1368 1680 1449 1744 τὰ
1515 1678 1739 1762 ἕλκεα,
1801 1679 2043 1763 ὁμοίως
2103 1678 2210 1744 ἐπὶ

198 1788 397 1849 πολὺν
449 1788 723 1876 χρόνονθ
756 1788 878 1873 χρὴ
935 1787 1258 1872 προσδεῖν
1312 1786 1433 1850 τὸν
1486 1788 1809 1872 βραχίονα
1872 1787 2038 1871 πρὸς
2096 1787 2210 1861 τὰς
2238 1811 2300 1856 15,

199 1893 497 1979 πλευράς·
567 1892 742 1959 οὕτω
787 1894 915 1980 γὰρ
973 1891 1058 1959 ἂν
1102 1893 1384 1979 μάλιστα
1430 1891 1845 1976 ἐπουλωθείη
1891 1890 2001 1957 καὶ
2049 1891 2210 1957 ἀπο-

197 2002 471 2084 ληφθείη
535 2000 576 2083 ἡ
638 2000 1039 2087 εὐρυχωρίη,
1098 1998 1254 2066 καθ’
1310 2002 1394 2083 ἣν
1441 2001 1722 2084 μάλιστα
1767 1999 2112 2065 ὀλισθάνει
2174 1999 2208 2064 ὁ

194 2105 488 2189 βραχίων.

318 2213 416 2278 12.
484 2204 639 2278 Οἷσι
686 2211 745 2278 δ’
792 2212 877 2281 ἂν
925 2209 1098 2297 ὦμος
1143 2219 1575 2298 καταπορηθῇ
1624 2211 2066 2299 ἐμβληθῆναι,
2122 2211 2210 2295 ἢν

194 2318 304 2399 μὲν
346 2318 441 2385 ἔτι
489 2319 566 2386 ἐν
613 2320 879 2405 αὐξήσει
926 2317 1152 2403 ἔωσιν,
1199 2320 1333 2384 οὐκ·
1369 2307 1589 2385 ἐθέλει
1637 2320 2087 2397 συναύξεσθαι
2133 2320 2206 2383 τὸ
2235 2345 2303 2385 2ο

196 2423 416 2494 ὀστέον
462 2436 583 2493 τοῦ
630 2430 987 2513 βραχίονος
1027 2426 1268 2510 ὁμοίως
1323 2433 1414 2513 τῷ
1457 2425 1661 2509 ὑγιεῖ,
1726 2424 1892 2489 ἀλλὰ
1946 2422 2207 2501 αὔξεται
2312 2452 2316 2457 ’

194 2531 334 2618 μέν,
388 2535 800 2622 βραχύτερον
848 2530 922 2597 δὲ
968 2542 1088 2597 τοῦ
1137 2529 1391 2620 ἕτέΙρου
1449 2535 1717 2615 γίνεται.
1806 2530 1916 2595 καὶ
1965 2532 2027 2595 οὶ
2072 2555 2184 2595 κα-
2206 2548 2307 2596 114

190 2642 480 2724 λεόμενοι
537 2636 612 2706 δὲ
671 2638 743 2705 ἐκ
797 2650 1026 2724 γενεῆς
1080 2641 1524 2722 γαλιάγκωνες
1580 2638 1691 2704 διὰ
1746 2640 1975 2714 δισσὰς
2036 2654 2200 2722 συμ-

319 2802 349 2850 2
388 2798 486 2851 καὶ
522 2796 585 2852 ’τὸ
618 2840 628 2850 .
663 2840 672 2850 .
707 2840 716 2851 .
747 2795 966 2864 νεύροις
1003 2813 1107 2850 om.
1153 2800 1205 2849 Γ
1275 2794 1470 2858 τελέως
1503 2797 1549 2849 Β
1714 2802 1744 2849 3
1792 2791 2034 2865 βαθείην
2071 2794 2116 2849 Β

188 2874 350 2921 ταῦτα
387 2868 435 2923 Β
508 2866 720 2923 ποιέειν
759 2868 918 2921 codd.
1054 2873 1088 2920 4
1125 2867 1406 2936 νεύροισιν
1442 2867 1493 2920 V
1576 2863 1790 2935 ἰητρίης
1825 2865 1870 2917 Β
1991 2870 2023 2919 5
2061 2866 2201 2920 ἀνα-

187 2955 407 2993 τιναντα
447 2942 501 2994 Γ
640 2944 668 2992 7
707 2935 905 3008 ἡίνεκα
942 2940 998 2992 Β
1143 2944 1174 2995 8
1212 2938 1376 3007 ξυμφ.
1416 2937 1468 2990 V
1539 2937 1637 2991 καὶ
1675 2954 1779 2991 om.
1820 2936 1952 3001 VT,
1991 2935 2201 2991 lineola

186 3007 438 3064 traducta,
476 3010 583 3067 del.
632 3009 716 3063 ΒΞ
788 3007 1071 3070 ἐπιεικέως
1105 3008 1182 3074 N,
1222 3017 1358 3069 -κῶς
1392 3007 1566 3062 BVP
1702 3013 1733 3060 9
1774 3005 2025 3073 ἐκπλήσσ.
2076 3003 2201 3073 BV,

187 3093 248 3131 ss,
295 3079 574 3137 διίσταται
619 3080 702 3137 B²
748 3081 837 3151 (ef.
879 3080 1000 3135 Gal.
1041 3097 1235 3134 comm.
1283 3097 1337 3148 p.
1380 3084 1478 3132 391
1531 3078 1679 3133 ἐκπλ.
1718 3074 1873 3133 τοῦτ’
1916 3078 2062 3134 ἔστιν
2110 3078 2202 3133 ἐπὶ

164 3142 345 3206 ’πλέον
382 3150 709 3207 διίστασθαι
744 3152 808 3206 τὸ
859 3159 975 3213 τοῖς
1011 3149 1243 3222 χείλεσιν
1282 3149 1455 3217 ἕλκος)
1537 3151 1803 3206 ἐκπλεισσ.
1846 3153 1914 3216 Γ,
1963 3146 2199 3205 ἐκπλίσσ.

186 3219 306 3274 Litt.
457 3228 664 3277 10—-11
714 3219 951 3291 ἐπιγίγν.
995 3225 1048 3275 Γ
1185 3227 1248 3274 12
1298 3221 1383 3290 εἰη
1420 3222 1534 3274 ΒΓ
1681 3227 1745 3274 13
1784 3222 2041 3287 προσδεδ.
2081 3220 2133 3273 V

189 3297 252 3345 14
286 3294 385 3347 καὶ
423 3295 507 3348 ἀτ.
561 3295 658 3353 καὶ
704 3294 749 3347 Β
857 3294 1018 3362 ’ὑγεια
1064 3292 1184 3358 ΒΓ,
1235 3290 1352 3348 -ιέα
1400 3294 1503 3346 oet.
1687 3298 1752 3345 16
1799 3292 2101 3357 ἀπολειφθ.
2139 3289 2202 3354 Β,

187 3366 370 3431 -λιφθ,
400 3369 469 3419 ·Γ
607 3370 671 3419 17
710 3364 746 3433 ἡ
786 3381 891 3418 om.
922 3364 1036 3417 ΒΓ
1135 3361 1368 3432 μάλιστα
1405 3365 1536 3431 post
1569 3360 1642 3430 ἢν
1690 3380 1794 3426 Qm.
1845 3360 1964 3415 Gal.
2006 3377 2200 3413 comm.

254 3433 530 3490 ὀλισθαίν.
568 3435 620 3488 V
656 3437 722 3489 ut
760 3434 981 3505 saepius
1129 3439 1192 3487 19
1235 3431 1411 3488 ὅσοισι
1447 3433 1523 3500 V,
1571 3430 1655 3496 οἷς
1690 3433 1793 3500 Ap.
1873 3429 2015 3500 ὅμως
2049 3430 2095 3482 Β

185 3509 247 3556 20
289 3507 446 3560 ἔασιν
483 3506 535 3559 V
697 3512 762 3560 22
801 3509 931 3574 post
1038 3505 1137 3575 μὲν
1176 3506 1304 3558 add.
1344 3502 1437 3559 ἐπί
1471 3523 1525 3557 τι
1562 3503 1638 3571 V,
1674 3524 1728 3556 τι
1769 3507 1821 3556 Γ

1811 3589 1882 3640 9*
