2588 3876
655 141 829 190 ΠΕΡΙ
863 139 1153 192 ΑΡΘΡΩΝ
1189 139 1550 190 ΕΜΒΟΛΗΣ
1587 142 1655 190 4ο
2035 138 2163 202 163

168 299 447 383 εἰρῆσθαι
498 297 608 364 καὶ
660 301 866 364 τᾶλλα
918 300 1135 364 πάντα
1179 301 1260 364 τὰ
1305 296 1608 381 μυξώδεα
1653 296 1763 363 καὶ
1808 296 2163 382 μυξοποιά·

169 405 265 468 ἅτε
315 408 434 491 γὰρ
497 407 776 492 γλίσχρα
837 403 1032 471 ἐόντα
1089 406 1683 489 ὑποθιγγανόμενα
1743 406 2163 470 διολισθάνει

165 510 376 595 ταχέως
418 512 548 577 ὑπὸ
601 515 760 588 τοὺς
814 512 1182 588 δακτύλους
1235 510 1347 577 καὶ
1392 508 1565 576 ἔνθα
1609 509 1721 576 καὶ
1767 508 1954 577 ἔνθα.
2047 514 2160 576 διὰ

166 625 335 682 τοῦτο
379 619 491 682 διὰ
534 616 909 703 παχυτέρου
958 618 1344 704 εὑρίσκουσι
1387 619 1469 682 τὰ
1513 626 1787 683 τοιαῦτα
1833 618 1897 682 οῑ
1947 618 2161 703 ἰητροὶ

161 722 195 805 ἢ
233 723 308 800 ὡς
351 730 631 790 οἴονται·
678 722 819 789 ἐπεὶ
865 722 976 788 καὶ
1022 735 1156 789 τῶν
1193 721 1663 807 γαγγλιωδέων
1709 725 1873 807 ἔνια,
1913 725 2036 789 ὅσα
2074 722 2159 788 ἄν
2214 751 2239 791 5

160 831 429 916 πλαδαρά
472 823 516 916 ᾖ
562 828 673 895 καὶ
719 828 1021 912 μυξώδεα
1068 827 1279 916 σάρκα
1324 827 1471 915 ἔχῃ,
1514 828 1751 895 πολλοὶ
1799 838 2162 912 στομοῦσιν

160 935 423 1017 οἰόμενοι
470 937 683 1022 ῥεῦμα
728 936 1123 1022 ἀνευρήσειν
1167 934 1234 1013 ἐς
1278 938 1360 1000 τὰ
1404 945 1697 1001 τοιαῦτα.
1787 936 1826 1019 ἡ
1874 933 1997 1017 μὲν
2034 930 2161 1001 οὗν

62 1087 63 1100 2
162 1042 360 1126 γνώμη
417 1052 541 1108 τοῦ
608 1044 840 1129 ἰητροῦ
900 1039 1292 1119 ἐξαπατᾶται
1308 1062 1324 1077 ·
1386 1049 1480 1130 τῷ
1541 1042 1617 1107 δὲ
1679 1044 2010 1127 πρήγματι
2069 1049 2160 1127 τςὸ

62 2566 65 2609 ³.
149 2557 174 2604 2
207 2555 306 2625 γὰρ
342 2573 448 2610 om.
487 2556 609 2611 MV
716 2554 1092 2612 διολισθαίνει

158 1149 408 1236 τοιούτῳ
457 1148 737 1230 οὐδεμία
760 1149 995 1231 βλάβη
1033 1146 1464 1230 στομωθέντι.
1540 1148 1662 1213 ὅσα
1711 1145 1769 1211 δ’
1815 1148 2161 1212 ὑδατώδεα

158 1257 338 1338 χωρία
391 1252 577 1319 ἐστὶν
629 1253 670 1338 ’ἢ
727 1253 931 1338 μύξης
984 1251 1462 1340 πεπληρωμένα
1507 1254 1617 1319 καὶ
1665 1252 1741 1318 ἐν
1786 1254 1990 1318 οἴοισι
2036 1277 2160 1336 χω-
2188 1281 2241 1321 10

62 1433 65 1434 γ
158 1360 334 1442 ρίοισι
371 1360 613 1426 ἕκαστα
647 1360 949 1425 θάνατον
987 1359 1176 1447 φέρει
1214 1362 1630 1444 στομούμενα
1667 1361 1708 1444 ἢ
1744 1358 1855 1425 καὶ
1894 1359 2162 1435 ἀλλοίας

156 1464 409 1551 βλάβας,
456 1464 608 1553 περὶ
654 1467 911 1532 τούτων
957 1465 1031 1531 ἐν
1078 1466 1254 1554 ἄλλῳ
1301 1469 1476 1553 λόγῳ
1513 1466 1931 1552 γεγράψεται.
1998 1465 2161 1530 ὅταν

62 1593 65 1648 5
156 1565 263 1635 οὖν
321 1571 492 1658 τάμῃ
557 1594 657 1648 τις
718 1573 791 1637 τὸ
854 1567 999 1656 οὖς,
1065 1572 1338 1637 πάντων
1395 1567 1518 1652 μὲν
1573 1572 2158 1654 καταπλασμάτων,

64 1723 65 1728 1
154 1677 340 1760 πάσης
415 1674 490 1743 δὲ
563 1679 884 1759 μοτώσιος
957 1676 1320 1762 ἀπέχεσθαι
1391 1672 1541 1763 χρή·
1610 1678 1939 1763 ἰητρεύειν
1997 1675 2005 1762 Ι
2066 1674 2139 1741 δὲ
2162 1677 2265 1744 Ῑΐό

62 1769 65 1804 ³
153 1778 375 1872 ἐναίμῳ
422 1783 463 1868 ’ἢ
502 1785 678 1872 ἄλλῳ
714 1807 836 1872 τῳ,
885 1785 920 1849 ὅ
967 1807 1031 1847 τι
1069 1786 1229 1866 μήτε
1265 1783 1470 1868 βάρος
1505 1786 1665 1867 μήτε
1700 1785 1914 1848 πόνον
1950 1803 2159 1867 παρα-
2187 1810 2239 1851 15

62 1875 65 1934 ἶ
153 1892 387 1973 σχήσει·
462 1890 548 1975 ἢν
610 1891 736 1976 γὰρ
812 1889 847 1956 ὁ
917 1890 1201 1976 χόνδρος
1268 1887 1541 1976 ἄρξηται
1612 1893 1985 1968 ψιλοῦσθαι
2048 1886 2157 1952 καὶ

62 1992 63 2045 s
151 1993 533 2073 ὑποστάσιας
562 2003 709 2082 ἴσχῃ
748 1996 1105 2081 ὀχλώδεας,
1142 1998 1517 2082 μοχθηρόν·
1565 1999 1820 2079 γίνεται
1848 1996 1925 2060 δὲ
1950 2004 2158 2059 ταῦτα

152 2099 223 2163 δι’
266 2100 516 2179 ἐκείνας
552 2104 667 2179 τὰς
712 2104 942 2186 ἰήσιας.
1023 2102 1294 2167 πάντων
1340 2099 1415 2166 δὲ
1459 2112 1594 2167 τῶν
1637 2101 2157 2186 παλιγκοτησάν-

149 2227 268 2271 των
309 2209 349 2291 ἡ
392 2207 604 2295 πέρην
650 2208 997 2284 διάκαυσις
1043 2206 1588 2294 αὐταρκέστατον.

280 2494 304 2539 1
352 2481 523 2540 mma
558 2486 610 2540 v
733 2486 804 2540 v&
851 2503 957 2540 om.
1005 2486 1079 2538 Β1
1125 2486 1274 2608 ἒᾱᾱ.
1323 2486 1416 2556 13²)
1442 2453 1518 2539 Τ
1646 2466 1909 2554 wem&
1954 2483 2014 2536 M

1186 2599 1200 2624 ,
1238 2556 1576 2621 διολιστάνει
1605 2561 1659 2610 Γ
1795 2563 1830 2609 4
1868 2551 2156 2621 εὑρίσκου-

62 2616 65 2641 ”
149 2640 224 2677 σιν
259 2626 310 2680 οἱ
346 2629 381 2682 ἰ.
419 2627 491 2681 τὰ
525 2646 572 2681 τ.
611 2627 663 2683 V
767 2627 844 2682 ὀἱ
891 2645 998 2681 om.
1036 2628 1082 2681 B
1268 2634 1301 2682 5
1356 2625 1392 2695 ἢ
1438 2644 1543 2680 om.
1584 2631 1639 2681 Γ
1759 2623 1881 2680 οἶόν
1926 2643 1985 2679 τε
2031 2618 2155 2692 ‘1'5V

239 2696 318 2751 ἔνι
352 2698 403 2752 V
550 2704 582 2751 6
626 2693 698 2768 ἦη
736 2698 809 2766 Β,
865 2699 926 2770 ἔῃ
964 2698 1101 2765 MV,
1149 2697 1235 2767 εἰη
1274 2702 1330 2752 Γ
1395 2696 1606 2766 σάρκας
1640 2698 1686 2751 Β
1762 2697 1975 2767 σάρκα.
2000 2735 2010 2745 .
2035 2739 2045 2749 .
2068 2715 2156 2763 γε·

146 2818 298 2890 γράψ.
328 2824 438 2892 (12)
472 2838 579 2876 om.
611 2825 666 2875 Γ
748 2821 859 2891 ἔχει
886 2821 949 2889 Β,
989 2790 1100 2892 ἐχέι
1135 2821 1196 2874 M
1325 2827 1355 2874 7
1394 2821 1451 2883 ἐς
1485 2820 1556 2875 τὰ
1590 2829 1827 2875 τοιαῦτα
1865 2822 1973 2876 del.
2002 2822 2152 2877 Erm.

271 2897 300 2945 9
337 2893 444 2963 γὰρ
481 2910 584 2961 pro
622 2889 678 2945 δ’
720 2892 766 2945 Β
931 2898 997 2946 10
1037 2889 1150 2947 οῖσι
1185 2892 1230 2944 Β
1398 2897 1479 2945 10.
1522 2897 1584 2946 11
1633 2889 1921 2962 χωρίοισιν
1959 2893 2012 2948 V

149 2964 201 3011 11
237 2963 374 3017 κατὰ
409 2979 513 3033 pro
551 2963 650 3016 καὶ
684 2962 805 3017 MV
950 2968 1017 3016 13
1052 2960 1138 3026 τίς
1173 2981 1319 3032 ταμη
1355 2962 1419 3016 τὸ
1459 2966 1514 3016 Γ
1616 2959 1718 3016 οὖν
1753 2980 1855 3030 pro
1895 2965 1995 3033 μὲν
2035 2968 2089 3018 Γ

148 3035 204 3082 15
238 3031 484 3103 ἐναίμοις
519 3033 640 3088 MV
745 3053 821 3106 τῳ
859 3033 1034 3104 vulga,
1075 3051 1180 3088 om.
1219 3033 1462 3088 BMVI'
1591 3039 1672 3087 15.
1709 3038 1774 3086 16
1814 3051 2073 3106 παρασχη
2106 3039 2160 3088 Γ

240 3107 318 3158 16.
358 3111 422 3158 17
474 3101 566 3158 ὅτε
601 3104 706 3174 γὰρ
740 3149 750 3159 .
784 3148 795 3158 .
829 3148 840 3158 .
880 3104 1021 3177 ἴσχει
1060 3103 1181 3158 Gal.
1221 3121 1419 3159 comm.
1458 3109 1563 3157 490
1748 3108 1812 3156 17
1861 3105 2055 3159 ἀποστ.
2105 3106 2150 3158 Β

1014 3177 1476 3242 δυσθεραπευτον

239 3242 273 3297 ἴ.
319 3247 641 3316 ὠχολωδεας
675 3266 728 3314 μ.
776 3246 866 3312 Β1,
923 3245 959 3300 ἴ.
1010 3246 1261 3315 ὠχλωδες
1305 3247 1404 3300 καὶ
1447 3266 1499 3314 μ.
1548 3245 1639 3312 B²‚
1687 3244 1723 3298 ἴ.
1773 3247 2068 3314 πυρώδεας
2115 3244 2151 3313 ἢ

145 3315 403 3379 χολώδεάς
461 3314 697 3388 ὄχληρόν
750 3316 896 3382 MV,
962 3315 1440 3396 ἰσχΜωλωδεΞσμο
1476 3321 1537 3371 θ’.
1592 3319 1647 3369 Γ
1773 3318 1904 3386 post
1956 3318 2149 3369 ὑποστ.

146 3382 259 3436 add.
296 3387 480 3457 ὑγρῶν
519 3386 639 3439 Gal.
680 3404 874 3441 comm.
933 3391 1038 3439 490
1172 3394 1338 3441 τοῦτο
1373 3339 1495 3441 MZJ
1654 3391 1719 3438 18
1759 3387 1867 3441 ἰασ.
1924 3386 2044 3439 MV

144 3487 357 3548 πάντων
395 3536 406 3546 .
440 3536 451 3546 .
484 3535 497 3547 .
538 3492 766 3561 αὕταρκ.
807 3511 913 3547 om.
954 3496 1008 3545 Γ
1145 3498 1210 3545 19
1257 3478 1331 3561 ἡν
1367 3491 1439 3558 Β,
1504 3513 1538 3546 ν
1577 3509 1645 3544 ss,
1685 3509 1756 3544 m.
1789 3497 1819 3542 3

1725 3577 1831 3629 11*
