2588 3876
428 131 554 195 158
930 134 1106 184 ΠΕΡΙ
1139 132 1432 185 ΑΡΘΡΩΝ
1468 134 1826 184 ΕΜΒΟΛΗΣ
1864 136 1931 185 37

424 294 830 380 αὐθήμερος,
906 295 963 358 εἰ
1033 294 1108 359 δὲ
1169 298 1287 378 μή,
1364 293 1565 382 ὀλίγῳ
1629 295 1943 379 ὕστερον·
2023 295 2190 360 ἀλλὰ
2249 318 2414 359 κατα-

420 401 866 485 βλακεύουσιν
929 402 992 466 οῑ
1069 402 1282 487 ἰητροὶ
1345 398 1455 466 καὶ
1529 400 1960 487 ἁπαλωτέρως
2033 403 2107 466 τὸ
2181 413 2414 490 πρῶτον

424 508 742 574 ἅπτονται
797 509 837 593 ἢ
894 509 981 585 ὡς
1035 511 1189 594 χρή·
1246 509 1764 594 παραβάλλοντα,
1812 510 1937 594 γὰρ
1994 511 2154 586 τοὺς
2207 510 2413 574 δακτύ-

422 619 581 691 λους
625 616 748 700 χρὴ
796 617 1000 681 ἔνθεν
1044 612 1155 679 καὶ
1209 617 1414 680 ἔνθεν
1466 618 1624 691 τοὺς
1677 617 1841 680 κατὰ
1895 617 2017 699 τὴν
2074 616 2280 701 φύσιν
2318 624 2414 697 τῆς

368 748 392 787 5
423 721 608 808 ρἰνὸς
654 722 742 798 ὡς
786 722 1131 787 κατωτάτω
1178 723 1486 787 κάτωθεν
1530 723 2071 806 συναναγκάζειν,
2117 721 2225 787 καὶ
2268 722 2415 788 οὕτω

315 844 416 893 166
435 829 718 909 μάλιστα
744 826 1192 916 άνορξθοῢντα
1227 831 1356 893 σὺν
1391 837 1470 914 τῇ
1508 831 1767 894 ἔσωθεν
1795 830 2175 915 διορθώσει.
2221 831 2413 893 ἔπειτα

420 936 497 1000 δὲ
557 933 633 1013 ἐς,
685 944 892 1000 ταῦτα
957 936 1178 1022 ἰητρὸς
1242 933 1463 1012 οὐδεὶς
1526 937 1725 1013 ἄλλος
1786 934 1924 1000 ἐστὶ
1987 945 2308 1019 τοιοῦτος,
2362 936 2414 997 εἰ

418 1040 645 1107 ἐθέλοι
724 1041 834 1107 καὶ
915 1047 1192 1125 μελετᾶν
1272 1043 1380 1106 καὶ
1461 1046 1746 1126 τολμᾶν,
1828 1042 1918 1118 ὡς
1988 1044 2053 1106 οἱ
2128 1043 2412 1107 δάκτυλοι

418 1150 625 1214 αὐτοῦ
700 1151 765 1214 οἱ
830 1152 1118 1234 λιχανοί·
1193 1143 1381 1213 οὗτοι
1446 1150 1573 1235 γὰρ
1638 1150 1802 1214 κατὰ
1874 1149 2088 1233 φύσιν
2159 1148 2412 1231 μάλιστά

336 1282 388 1321 10
416 1259 604 1321 εἰσιν.
685 1256 1194 1342 παραβάλλοντα
1240 1257 1367 1342 γὰρ
1412 1257 1535 1340 χρὴ
1572 1267 1707 1321 τῶν
1745 1256 2092 1320 δακτύλων
2131 1255 2408 1340 ἑκάτερον

413 1365 590 1449 παρὰ
635 1372 854 1427 πᾶσαν
898 1364 1021 1447 τὴν
1075 1362 1230 1448 ῥῖνα
1284 1360 1627 1448 ἐρείδοντα
1680 1362 1940 1446 ἡσύχως
1986 1361 2204 1439 οὕτως
2239 1360 2408 1446 ἔχειν,

412 1469 696 1551 μάλιστα
739 1468 891 1553 μέν,
946 1471 1005 1534 εἰ
1052 1461 1197 1535 οἷόν
1251 1492 1323 1534 τε
1368 1470 1469 1552 εἴη
1526 1471 1684 1551 αἰεί,
1740 1466 1869 1533 ἔστ’
1929 1467 2014 1533 ἂν
2069 1474 2408 1555 κρατυνθῇ,

415 1578 474 1641 εἰ
521 1576 595 1641 δὲ
638 1578 757 1660 μή,
819 1576 906 1653 ὡς
960 1580 1270 1641 πλεῖστον
1317 1578 1561 1662 χρόνον
1622 1576 1856 1659 αὐτόν,
1904 1576 1993 1652 ὡς
2038 1582 2318 1662 εἴρηταν
2359 1574 2408 1637 εἰ

417 1683 491 1748 δὲ
534 1686 654 1767 μή,
709 1683 753 1767 ἢ
802 1684 1009 1747 παῖδα
1061 1682 1102 1766 ἢ
1159 1682 1443 1765 γυναῖκά
1496 1701 1676 1746 τινα·
1739 1684 2086 1763 μαλθακὰς
2140 1684 2266 1769 γὰρ
2310 1682 2407 1755 τὰς

333 1815 382 1855 15
413 1800 633 1875 χεῖρας
679 1791 782 1854 δεῖ
826 1782 1016 1855 εἶναι.
1109 1788 1319 1865 οὕτως
1363 1790 1489 1874 γὰρ
1536 1787 1621 1852 ἂν
1666 1789 1981 1853 κάλλιστα
2029 1790 2410 1875 ἰητρευθείη,

414 1894 575 1985 ὁτέῳ
620 1898 661 1981 ἡ
710 1897 812 1983 ῥὶς
856 1898 945 1982 μὴ
991 1893 1058 1973 ἐς
1102 1896 1175 1961 τὸ
1224 1897 1523 1979 σκολιόν,
1581 1894 1746 1961 ἀλλὰ
1792 1894 1860 1972 ἐς
1903 1896 1977 1960 τὸ
2023 1897 2199 1961 κάτω
2246 1896 2405 1981 ἱδρυ-

350 2064 365 2093 ‚
409 2003 573 2087 μένη
623 2005 977 2089 ἰσόρροπος
1023 2009 1147 2086 εἴη.
1234 2001 1362 2087 ἐγὼ
1416 2002 1540 2084 μὲν
1587 1997 1715 2068 οὖν
1767 2003 2086 2086 οὐδεμίαν
2131 2025 2230 2069 πω
2274 2003 2406 2088 ῥῖνα

411 2105 626 2193 εἶδον,
671 2110 814 2192 ’ἥτις
861 2109 1032 2173 οὕτω
1089 2120 1444 2192 καταγεῖσα
1498 2110 1621 2193 οὐχ
1678 2110 1785 2193 οἵη
1839 2133 1908 2174 τε
1964 2111 2409 2196 διορθωθῆναι

412 2215 653 2280 αὐτίκα
692 2213 853 2301 πρὶν
898 2223 1307 2301 πωρωθῆναι
1354 2214 1615 2299 ἐγένετο
1664 2216 2309 2300 συναναγκαζομένη,
2358 2220 2412 2278 εἰ

329 2350 380 2389 20
409 2346 509 2398 τις
563 2322 786 2407 ὀρθῶς
838 2320 1064 2387 ἐθέλοι
1120 2323 1466 2408 ἰητρεύειν.
1559 2322 1724 2387 ἀλλὰ
1778 2324 1902 2408 γὰρ
1960 2324 2024 2388 οῑ
2082 2325 2408 2410 ἄνθρωποι

408 2429 667 2515 αἰσχροὶ
696 2430 819 2511 μὲν
845 2424 1017 2494 εἶναι
1044 2434 1297 2495 πολλοῦ
1327 2429 1712 2513 άποτιμῶσι,
1740 2434 2019 2511 μελετᾶν
2048 2431 2123 2494 δὲ
2152 2432 2281 2512 ἅμα
2304 2428 2410 2511 μὲν

551 2592 577 2638 1
620 2585 943 2656 αὐθήμερος
978 2585 1195 2652 MVB¹‚
1251 2586 1394 2640 mut.
1428 2586 1489 2639 in
1525 2606 1631 2640 -ων
1669 2586 1766 2651 13³,
1823 2606 1917 2641 -ον
1953 2585 2120 2655 NPq.
2247 2591 2279 2638 4
2320 2583 2410 2655 χρὴ

404 2658 630 2727 punctis
678 2658 1084 2712 circumdatum
1131 2657 1175 2709 B
1320 2658 1451 2718 τοὺς
1504 2659 1635 2710 ante
1694 2657 1837 2712 κατὰ
1894 2675 1999 2712 om.
2056 2657 2177 2712 MV
2322 2655 2409 2723 τὴν

406 2746 511 2783 om.
550 2730 596 2782 B
743 2734 774 2782 5
812 2749 960 2783 κατω
998 2748 1073 2782 τω
1111 2729 1184 2796 Β,
1221 2727 1292 2782 τά
1331 2745 1402 2781 ss,
1442 2728 1516 2781 Β8
1630 2727 1892 2783 κάτωθεν
1927 2728 2156 2797 punctis
2196 2729 2410 2782 circum-

406 2801 566 2855 dedit
600 2801 674 2853 B³
781 2801 1008 2868 ξυναγκ.
1047 2800 1118 2865 Β,
1175 2820 1248 2853 αν
1294 2817 1365 2852 se.
1404 2799 1495 2866 B³‚
1549 2818 1853 2869 καταναγκ.
1891 2800 1943 2854 V
2014 2800 2233 2855 .οῧτωσ
2274 2800 2317 2852 Β

406 2877 437 2924 6
476 2873 838 2940 ἀνορθοῦντα
865 2871 1022 2936 Wb.,
1059 2891 1180 2926 -ται
1215 2871 1417 2939 BMV,
1463 2879 1654 2924 -οῢται
1699 2871 1831 2924 Litt.
1872 2887 1941 2924 ex
1984 2871 2143 2926 varia.
2187 2871 2412 2924 lectione

405 2942 685 3008 Severini,
731 2946 971 2997 -οῢσθαι
1004 2942 1102 3011 Pq.
1213 2943 1344 3012 post
1390 2944 1577 3010 διορθ.
1617 2942 1745 2996 add.
1795 2943 2171 3010 διορθοῦνται
2203 2942 2319 2996 MV

407 3018 435 3064 7
486 3013 610 3083 ἔστη
646 3015 692 3067 Β
821 3019 853 3067 8
890 3011 1090 3082 ἠθέλοι
1126 3032 1227 3082 pro
1267 3014 1317 3068 εἰ
1356 3014 1443 3068 ἐθ.
1481 3013 1528 3065 Β
1636 3014 1735 3067 καὶ
1771 3015 1903 3067 ante
1939 3016 2050 3082 μελ.
2092 3031 2199 3068 om.
2236 3011 2351 3067 MV

405 3082 458 3137 οἱ
497 3085 670 3139 αὐτοῦ
709 3085 864 3139 δάκτ.
903 3085 1022 3139 MV
1148 3091 1215 3139 10
1253 3085 1361 3139 εἰσι
1396 3085 1516 3139 MV
1642 3090 1705 3137 11
1748 3081 2061 3152 ἐρείδονται
2096 3085 2143 3138 Β
2270 3090 2333 3137 13
2367 3080 2412 3135 εἰ

403 3153 466 3208 δὲ
503 3154 575 3224 μὴ
608 3198 625 3208 .
653 3199 665 3209 .
697 3198 707 3209 .
739 3156 954 3225 εἴρηται
989 3157 1213 3225 punctis
1242 3156 1373 3210 incl.
1403 3156 1477 3209 Β8
1610 3161 1688 3209 ’14
1726 3152 1760 3224 ἢ
1797 3156 1927 3225 post
1963 3156 2036 3225 μὴ
2075 3174 2182 3211 om.
2212 3156 2257 3208 B
2334 3155 2413 3208 δεῖ
2517 3208 2518 3247 4

401 3245 447 3278 τ.
486 3246 534 3295 χ.
576 3220 725 3279 εἶναι
760 3226 812 3281 V
965 3233 1030 3280 15
1079 3228 1153 3291 ὡς
1187 3245 1289 3297 pro
1329 3226 1435 3298 γὰρ
1472 3227 1592 3280 MV
1716 3226 1948 3282 κάλιστα
1985 3228 2056 3294 Β,
2106 3228 2229 3297 μάλ.
2267 3226 2316 3281 V

406 3301 472 3349 16
512 3297 643 3349 ante
672 3295 808 3369 ὀτέῳ
835 3298 962 3351 add.
992 3319 1026 3367 η
1055 3299 1171 3353 ΒΜ
1242 3303 1432 3354 κοῖλον
1461 3315 1562 3368 pro
1592 3315 1673 3351 σκ.
1712 3298 1763 3351 V
1873 3304 1936 3352 17
1979 3298 2113 3354 οὐδὲ
2141 3296 2274 3368 μίαν
2300 3296 2349 3351 V
2517 3340 2518 3359 ἢ

406 3371 472 3419 18
511 3363 686 3428 οὕτως
720 3367 766 3419 Β
839 3388 1058 3438 κατεαγ.
1088 3370 1147 3423 Μ
1219 3374 1661 3439 διαρθρωθῆναι
1688 3368 1807 3423 MV
1934 3375 2000 3422 19
2039 3371 2130 3441 ξ(σ
2144 3372 2405 3439 Μ)αναγκ,.
2517 3376 2518 3387 ’

406 3438 483 3506 ἐγ.
520 3436 635 3489 ΒΜ
778 3442 846 3491 20
884 3439 969 3492 έθ.
1013 3439 1138 3508 ὀρθ.
1168 3441 1220 3495 V
1329 3439 1449 3495 ἀλλ’
1493 3442 1547 3496 οἱ
1586 3441 1711 3511 (γὰρ
1742 3442 1871 3512 om.)
1908 3440 2029 3494 MV
2175 3447 2239 3495 21
2277 3441 2406 3493 cino*

404 3517 601 3575 τιμῶσι
637 3506 735 3573 ΒῙ,
775 3510 911 3561 mut.
950 3510 1010 3562 in
1049 3519 1247 3567 -ῶνται
1284 3511 1360 3563 Β*
