2588 3876
855 145 1028 195 ΠΕΡΙ
1063 143 1319 195 ΑΓΜΩΝ
1355 146 1440 195 30.
1472 147 1535 195 31
2119 142 2205 207 93

212 300 324 384 μὲν
375 299 497 369 οὖν
550 304 623 368 αἴ
660 327 730 369 τε
776 315 1052 390 σφαῖραι
1095 304 1456 391 προσηγέες
1498 304 1608 369 καὶ
1658 306 1851 369 καλαὶ
1894 305 2005 369 καὶ
2048 310 2207 388 μαλ-

210 411 398 474 θακαί
455 410 565 475 καὶ
615 412 839 475 καιναὶ
875 411 1150 497 ῥαφεῖεν
1193 412 1306 476 καὶ
1349 411 1391 495 ἡ
1437 414 1698 487 ἔντασις
1751 422 1886 476 τῶν
1940 411 2208 497 ῥάβδων

209 528 487 601 χρηστῶς
543 516 880 601 ἐνταθείη,
936 518 1153 604 ὥσπερ
1203 519 1332 602 ἤδη
1387 524 1667 603 εἴρηται,
1723 519 2088 604 εὔχρηστον
2130 519 2205 584 τὸ

209 624 563 707 μηχάνημα·
645 626 704 689 εἰ
757 622 837 689 δέ
885 647 950 689 τι
1002 625 1258 689 τούτων
1307 626 1395 709 μὴ
1448 630 1665 702 καλῶς
1718 624 1874 710 ἔξει,
1928 626 2209 706 βλάπτοι

209 727 286 793 ἂν
325 735 577 811 μᾶλλον
621 729 662 813 ἢ
707 730 1007 814 ώφελέοι.
1077 733 1200 817 χρὴ
1247 727 1323 795 δὲ
1366 732 1475 796 καὶ
1520 732 1636 808 τὰς
1672 733 1873 808 ἄλλας
1916 734 2210 816 μηχανὰς
2263 761 2288 801 5

208 833 247 917 ἢ
285 842 491 913 καλῶς
546 844 971 922 μηχανᾶσθαι
1015 836 1056 920 ἢ
1110 840 1197 922 μὴ
1252 844 1700 922 μηχανᾶσθαι·
1757 839 2030 924 αἰσχρὸν
2085 839 2210 922 γὰρ

208 943 305 1006 καὶ
349 943 626 1028 ἄτεχνον
671 943 1238 1028 μηχανοποιέοντα
1282 942 1937 1028 άμηχανοποιεῖσθαι.

327 1049 427 1114 31.
485 1053 698 1115 Τοῦτο
737 1046 812 1115 δὲ
849 1052 915 1116 οἱ
945 1054 1243 1116 πλεῖστοι
1269 1062 1406 1116 τῶν
1444 1053 1688 1136 ἰητρῶν
1713 1053 1793 1115 τὰ
1819 1053 2212 1135 κατήγματα,

208 1155 306 1219 καὶ
353 1158 433 1221 τὰ
491 1159 621 1221 σὺν
673 1155 891 1221 ἕλκεσι
947 1158 1059 1221 καὶ
1110 1158 1191 1222 τὰ
1245 1159 1407 1222 ἄνευ
1464 1155 1726 1242 ἑλκέων,
1780 1159 1896 1234 τὰς
1952 1159 2214 1243 πρώτας

208 1272 330 1326 τῶν
354 1261 655 1349 ἡμερέων
690 1264 1115 1349 ἰητρεύουσιν
1151 1264 1417 1349 εἰρίοισι
1454 1265 1832 1350 ρυπαροῖσι,
1866 1265 1976 1329 καὶ
2009 1263 2215 1329 οὐδέν
2242 1292 2294 1333 ιο

208 1390 266 1432 τι
307 1369 583 1454 ἄτεχνον
629 1369 815 1434 δοκεῖ
855 1377 1052 1434 τοῦτο
1100 1365 1289 1436 εἶναι.
1382 1371 1528 1436 ὅσοι
1572 1367 1695 1455 μὲν
1740 1370 2215 1455 ἀναγκάζονται

209 1472 329 1538 ὑπὸ
371 1487 509 1541 τῶν
555 1475 791 1541 αὐτίκα
826 1477 1212 1562 νεοτρώτων
1259 1476 1506 1542 ἐόντων
1540 1479 1628 1561 μὴ
1666 1480 1924 1562 ἔχοντες
1973 1477 2215 1543 ὀθόνια

210 1581 460 1664 εἰρίοισι
490 1583 1149 1668 παρασκευάσασθαι,
1192 1583 1488 1648 τούτοισι
1524 1586 1795 1668 πλείστη
1813 1586 2215 1667 συγγνώμη·

210 1683 355 1751 οὐδὲ
413 1690 542 1774 γὰρ
602 1690 686 1753 ἄν
742 1713 843 1766 τις
900 1692 1040 1773 ἔχοι
1100 1690 1260 1753 ἄνευ
1321 1688 1618 1753 ὀθονίων
1671 1691 1831 1754 ἄλλο
1876 1714 1941 1755 τι
1993 1693 2216 1776 πολλῷ

211 1792 460 1883 βέλτιον
508 1797 723 1880 εἰρίου
770 1794 1076 1880 ἐπιδῆσαι
1123 1795 1229 1860 ἐπὶ
1272 1797 1354 1860 τὰ
1396 1804 1694 1861 τοιαῦτα·
1759 1790 1931 1860 εἶναι
1976 1791 2050 1860 δὲ
2093 1797 2216 1880 χρὴ
2246 1823 2296 1865 15

211 1900 552 1985 πάμπολλα
595 1893 704 1967 καὶ
749 1903 928 1968 πάνυ
972 1906 1190 1981 καλῶς
1233 1901 1632 1991 εἰργασμένα
1675 1902 1784 1968 καὶ
1829 1904 1916 1987 μὴ
1951 1899 2218 1988 τρηχέα·

212 2017 334 2071 τῶν
385 2012 515 2096 γὰρ
571 2008 816 2093 ὀλίγων
872 2009 981 2074 καὶ
1036 2010 1359 2096 φλαύρων
1412 2009 1599 2094 ὀλίγη
1655 2011 1765 2075 καὶ
1823 2008 1864 2092 ἡ
1921 2010 2218 2093 δύναμις.

212 2111 345 2179 ὅσοι
399 2113 474 2180 δὲ
530 2118 690 2199 μίαν
744 2115 785 2198 ἢ
840 2116 964 2180 δύο
1022 2115 1266 2201 ἡμέρας
1321 2123 1494 2202 εἴρια
1552 2116 1807 2183 ἐπιδεῖν
1866 2116 2221 2200 δικαιοῦσι,

212 2223 383 2306 τρίτῃ
431 2218 506 2287 δὲ
553 2222 663 2286 καὶ
707 2222 976 2307 τετάρτῃ
1023 2221 1328 2299 ὀθονίοις
1373 2222 1745 2300 ἐπιδέοντες
1780 2222 2076 2303 πιέζουσι
2111 2223 2220 2288 καὶ

211 2331 662 2393 κατατείνουσι
714 2329 862 2393 τότε
914 2328 1223 2412 μάλιστα,
1282 2324 1470 2394 οὗτοι
1521 2332 1696 2395 πολὺ
1754 2338 1869 2414 τῆς
1901 2332 2222 2415 ’ἰητρικῆς
2248 2356 2302 2399 20

212 2434 313 2497 καὶ
345 2437 556 2521 κάρτα
592 2434 934 2521 ἐπίκαιρον
971 2434 1426 2501 ἀσυνετέουσι·
1462 2436 1697 2518 ἥκιστα
1722 2438 1848 2521 γὰρ
1877 2438 2001 2521 χρὴ
2035 2439 2220 2522 τρίτῃ

214 2541 315 2604 καὶ
368 2543 641 2627 τετάρτῃ
701 2545 1114 2626 στυφελίζειν
1170 2543 1385 2607 πάντα
1445 2545 1526 2608 τὰ
1583 2544 1885 2628 τρώματα
1943 2542 2033 2618 ὡς
2095 2540 2170 2606 ἐν
2210 2541 2219 2627 Ι

348 2738 379 2785 2
418 2733 581 2788 κεναὶ
616 2732 739 2786 MV
824 2729 1078 2802 ῤἀφαιην
1113 2733 1175 2799 Β,
1215 2743 1354 2789 -εῑεν
1392 2751 1526 2788 corr.
1556 2734 1631 2787 B⁸
1772 2740 1805 2787 3
1840 2731 2045 2804 ταθείη
2070 2733 2117 2787 Β

216 2806 248 2853 4
278 2804 522 2859 τουτέων
557 2804 677 2857 MV
820 2810 852 2858 6
888 2802 922 2873 ἢ
959 2805 1115 2873 prius
1153 2805 1259 2858 del.
1288 2806 1365 2858 B⁸
1462 2803 1496 2873 ἢ
1534 2804 1607 2874 μὴ
1644 2809 2007 2875 μηχανᾶσθαι
2043 2821 2149 2859 om.
2177 2806 2223 2858 B

216 2874 270 2925 et
300 2874 336 2928 i.
364 2894 436 2929 m.
485 2876 662 2929 adeor.
702 2894 785 2944 γρ.
825 2874 1185 2947 εὐμηχανέειν
1230 2874 1266 2945 ἢ
1305 2876 1379 2946 μὴ
1425 2881 1786 2947 μηχανῆσθαι
1819 2875 1896 2929 Β4
2057 2881 2087 2929 7
2124 2898 2226 2948 m]-

217 2951 501 3013 χανᾶσθαι
536 2962 636 3014 pro
674 2947 787 3015 ἀμη
823 2951 1222 3001 ανοποιεῖσθαι
1258 2946 1504 3016 (-έεσθαι
1539 2948 1636 3000 rel.
1669 2946 1851 3017 codd.)
1886 2946 1932 2999 Β
2067 2952 2100 3000 8
2139 2949 2226 3003 ἰα-

217 3024 355 3082 τρῶν
391 3017 442 3070 V
569 3022 601 3069 9
638 3017 740 3082 ξὺν
844 3017 896 3071 V
1031 3024 1099 3071 10
1134 3017 1354 3087 ἡμερῶν
1390 3019 1434 3071 Β
1523 3016 1721 3085 ἐρίοισι
1755 3019 1801 3071 Β
1938 3023 2002 3071 11
2042 3019 2227 3076 δοκέει

219 3087 370 3139 codd.
538 3093 603 3140 12
650 3107 840 3156 νεωτρ.
877 3088 937 3141 Μ
1099 3094 1165 3140 13
1209 3087 1483 3144 τουτέοισι
1517 3089 1639 3143 MV
1745 3106 2001 3159 συγνωμη
2038 3090 2083 3143 Β

223 3159 286 3208 14
322 3160 386 3212 οὐ
423 3158 531 3229 γὰρ
567 3158 688 3211 MV
783 3184 789 3191 ·
832 3165 897 3212 16
933 3159 1073 3230 τριχ.
1112 3159 1175 3226 Β,
1218 3179 1375 3231 τραχ.
1413 3161 1551 3228 MV,
1595 3180 1746 3230 τρηχ.
1787 3164 1893 3214 cet.
1923 3160 2082 3215 codd.

223 3229 286 3279 18
323 3232 453 3282 ante
490 3227 624 3298 μίαν
663 3228 790 3283 add.
831 3230 922 3285 ἐπὶ
957 3231 1041 3296 Μ,
1089 3229 1161 3299 μὴ
1199 3230 1291 3285 ἐπὶ
1328 3232 1456 3286 add.
1485 3231 1537 3285 V
1644 3229 1790 3300 εἰρία
1829 3230 1875 3284 V
1983 3230 2227 3287 ἐπιδέειν

222 3298 375 3352 codd.
451 3299 706 3356 δοκέουσι
740 3300 793 3355 V
936 3306 1002 3354 19
1040 3299 1322 3358 ὀθονίοισι
1356 3302 1432 3369 Μ,
1469 3319 1586 3358 -σιν
1623 3302 1675 3356 V
1753 3301 2028 3367 πιεζέουσι
2062 3303 2122 3355 Μ

223 3372 287 3421 20
322 3372 497 3425 πουλὺ
533 3371 592 3424 Μ
661 3391 717 3425 τι
751 3389 852 3440 pro
887 3379 988 3441 τῆς
1021 3372 1142 3426 MV
1248 3378 1315 3425 21
1356 3373 1448 3427 ἐπὶ
1483 3373 1684 3442 καιρὸν
1718 3372 1771 3427 V
1841 3370 2227 3427 ἀσυνετέουσιν

222 3436 292 3562 Μλ
312 3508 328 3530 '
349 3444 478 3495 ante
511 3439 667 3566 ἓριίτῃ
705 3443 835 3496 add.
871 3451 940 3514 τῇ
976 3442 1096 3497 MV
1202 3449 1270 3497 22
1310 3443 1385 3498 ad
1421 3442 1761 3513 στυφελίζειν
1794 3444 1831 3497 i.
1860 3461 1932 3496 m.
1962 3440 2227 3496 διασείειν

224 3527 264 3562 π
293 3528 477 3578 ησσειν
2081 3550 2086 3554 -
