2588 3876
317 139 448 204 238
834 142 1009 192 ΠΕΡΙ
1044 140 1336 194 ΑΡΘΡῼΝ
1372 142 1732 193 ΕΜΒΟΛΗΣ
1772 144 1836 192 78

318 300 657 385 ἀνωτέρω,
722 299 1109 387 συμμέτρως
1174 302 1248 366 δὲ
1313 300 1685 366 ἑκτετάσθω
1749 302 1915 387 πρὸς
1976 303 2058 366 τὰ
2119 302 2367 388 ὕπερα,

319 408 408 483 ὡς
469 406 647 491 ὀρθὰ
705 406 987 472 ἑστεῶτα
1047 408 1120 471 τὸ
1181 404 1307 492 μὲν
1350 409 1528 491 παρὰ
1581 409 1702 473 τὸν
1747 407 1955 475 οὐδὸν
2000 407 2365 492 ἐρείδηται,
2442 494 2451 501 ·

316 515 393 579 τὸ
432 509 507 577 δὲ
532 514 710 599 παρὰ
746 514 820 578 τὸ
851 513 1055 590 ξύλον
1082 514 1156 578 τὸ
1193 513 1814 598 παραβεβλημένον·
1860 516 2138 579 κᾶπειτα
2177 515 2363 581 οὕτω

317 620 398 684 τὰ
433 619 649 704 ὕπερα
678 619 1066 684 ἀνακλῶντα
1095 621 1218 704 χρὴ
1247 621 1371 703 τὴν
1396 620 1754 685 κατάτασιν
1779 627 2139 685 ποιεῖσθαι.
2167 620 2365 705 ἀρκεῖ

264 750 289 791 5
320 726 395 790 δὲ
430 724 541 790 καὶ
578 726 812 810 κλῖμαξ
853 727 1169 810 ἰσχυροὺς
1196 723 1442 810 ἔχουσα
1468 729 1626 801 τοὺς
1652 730 2096 811 κλιμακτῆρας
2119 726 2365 792 ὑποτε-

317 831 563 915 ταμένη
591 832 722 897 ὑπὸ
749 834 872 915 τὴν
899 835 1135 916 κλίνην
1180 831 1328 897 ἀντὶ
1365 840 1486 896 τοῦ
1515 832 1727 897 οὐδοῦ
1755 856 1826 897 τε
1852 833 1962 898 καὶ
1989 842 2109 898 τοῦ
2147 831 2376 910 ξύλου·

317 947 437 1002 τοῦ
486 935 1045 1022 παρατεταμένου,
1098 938 1186 1014 ὡς
1237 939 1321 1002 τὰ
1364 938 1577 1023 ὕπερα
1621 940 1786 1024 πρὸς
1825 950 1960 1004 τῶν
2004 942 2363 1023 κλιμακτνή-

318 1068 458 1129 ρων
494 1046 653 1120 τοὺς
681 1044 1083 1129 ἁρμόζοντας
1119 1041 1326 1109 ἔνθεν
1351 1045 1460 1109 καὶ
1498 1042 1703 1109 ἔνθεν
1728 1044 2369 1131 προσερηρεισμένα,

318 1148 747 1232 ἀνακλώμενα
794 1149 969 1214 οὕτω
1016 1151 1138 1233 τὴν
1179 1151 1540 1214 κατάτασιν
1583 1160 1848 1233 ποιῆται
1895 1161 2030 1215 τῶν
2075 1151 2363 1232 δεσμῶν·

239 1282 292 1322 10
447 1254 876 1339 Ἐμβάλλεται
923 1252 997 1320 δὲ
1043 1265 1257 1340 μηροῦ
1314 1257 1576 1341 ἄρθρον
1627 1257 1738 1321 καὶ
1782 1258 1977 1322 τόνδε
2030 1257 2149 1321 τὸν
2205 1259 2369 1342 τρό-

315 1384 474 1445 πον,
547 1362 633 1445 ἣν
696 1361 763 1437 ἐς
825 1362 900 1429 τὸ
966 1363 1093 1426 ἔσω
1160 1361 1403 1447 ὀλίσθῃ
1482 1359 1592 1426 καὶ
1661 1360 1729 1438 ἐς
1795 1364 1870 1427 τὸ
1939 1359 2362 1447 ἔμπροσθεν·

316 1472 601 1552 κλίμακα
654 1469 779 1551 χρὴ
840 1465 1290 1552 κατορύξαντα
1345 1466 1731 1532 ἐπικαθίσαι
1794 1470 1914 1533 τὸν
1968 1469 2367 1553 ἄνθρωπον,

319 1577 544 1640 ἔπειτα
579 1575 655 1639 τὸ
692 1574 815 1658 μὲν
849 1573 1035 1656 ὑγιὲς
1073 1572 1306 1650 σκέλος
1340 1574 1601 1657 ἡσύχως
1636 1578 2112 1639 κατατείναντα
2148 1592 2363 1659 προσψ

320 1682 549 1764 δῆσαι,
596 1679 767 1749 ὅπου
815 1678 900 1744 ἂν
946 1665 1227 1765 ἁρμόσῃ·
1285 1678 1359 1745 ἐκ
1406 1676 1480 1744 δὲ
1526 1689 1648 1745 τοῦ
1697 1689 1978 1765 σιναροῦ
2034 1681 2363 1764 κεράμων

241 1811 292 1852 15
320 1787 505 1871 ὕδωρ
567 1784 884 1869 ἐγχέαντα
942 1784 1338 1870 ἐκκρεμάσαι
1397 1786 1438 1869 ἢ
1498 1787 1791 1870 σπυρίδα
1851 1790 2093 1863 λίθους
2157 1785 2364 1869 ἐμβα-

214 1908 319 1959 316
340 1895 557 1959 λόντα.
633 1891 853 1977 ἔτερος
896 1895 1142 1978 τρόπος
1188 1890 1496 1975 ἐμβολῆς·
1544 1892 1628 1977 ἢν
1665 1890 1734 1970 ές
1769 1894 1843 1957 τὸ
1882 1889 2011 1960 ἔσω
2044 1893 2052 1980 Ι
2086 1892 2367 1980 ὀλίσθνῃ,

319 2010 659 2087 στρωτῆρα
689 2000 811 2083 χρὴ
840 2000 1149 2082 ὃιαδῆσαι
1178 1999 1418 2083 μεταξὺ
1449 1999 1574 2063 δύο
1605 2000 1886 2081 στύλων,
1914 2000 2089 2077 ὕψος
2116 1996 2365 2083 ἔχοντα

320 2105 732 2189 συμμέτρως·
807 2103 1134 2190 προεχέτω
1192 2101 1265 2169 δὲ
1320 2114 1440 2169 τοῦ
1497 2114 1871 2191 στρωτῆρος
1923 2108 2090 2171 κατὰ
2145 2107 2219 2170 τὸ
2281 2106 2366 2171 ἓν

318 2211 539 2296 μέρος,
586 2210 837 2276 ὁπόσον
880 2212 955 2275 τὸ
999 2222 1316 2294 πυγαῑον·
1364 2212 1725 2294 περιδήσας
1761 2211 1837 2276 δὲ
1880 2213 2033 2297 περὶ
2077 2213 2153 2276 τὸ
2201 2221 2367 2295 στῆ·-

467 2338 494 2385 1
535 2332 694 2400 ξυμμ,
734 2331 894 2386 codd.
1008 2333 1173 2387 ἐντετ.
1212 2331 1335 2385 MV
1443 2339 1476 2385 4
1513 2329 1811 2387 ποιέεσθαι
1847 2332 1921 2398 Β,
1978 2330 2120 2388 -έειν
2157 2331 2287 2386 MV

320 2401 509 2471 ἀρκέει
545 2403 704 2458 codd.
855 2407 885 2455 ὅ
924 2403 1022 2456 καὶ
1059 2420 1163 2456 om.
1204 2403 1326 2456 MV
1474 2408 1502 2455 7
1548 2401 1850 2472 τεταμένου
1888 2402 1941 2455 V
2086 2409 2117 2457 9
2155 2404 2364 2459 ἀνακλ.

321 2493 426 2530 om.
467 2473 590 2527 MV
695 2472 956 2542 ποιέηται
992 2474 1061 2537 Β,
1121 2482 1291 2527 -εῖται
1328 2473 1450 2526 MV
1597 2479 1659 2526 11
1703 2473 1830 2528 εἴσω
1867 2473 2072 2540 BMV,
2128 2475 2233 2529 ἔσω
2274 2474 2367 2527 N1

430 2543 703 2612 ὀλισθῆκη
741 2544 837 2597 καὶ
866 2544 936 2609 Β,
978 2541 1179 2616 ὀλίσθῃ
1217 2541 1251 2612 ἢ
1289 2544 1387 2598 καὶ
1414 2544 1547 2612 Ap.‚
1587 2548 1730 2613 -σθῆ
1768 2546 1864 2598 καὶ
1893 2544 2013 2598 MV
2126 2551 2190 2598 12
2232 2545 2364 2599 ἐπι-

321 2619 579 2685 καθησαι
624 2615 693 2679 Β,
750 2612 1122 2683 περικαθίσαι
1157 2615 1262 2683 Ap.
1432 2620 1496 2668 13
1553 2610 1672 2668 εἶτα
1718 2616 1822 2684 Ap.
1944 2613 2362 2670 κατατείνοντα

320 2688 425 2756 Ap.
613 2690 679 2737 14
728 2682 860 2739 ὅκου
897 2684 1019 2738 MV
1143 2688 1275 2742 ante
1322 2684 1513 2754 κεράμ.
1563 2686 1691 2739 add.
1741 2686 1798 2749 ἐς
1844 2684 1981 2754 MV,
2037 2686 2212 2754 ἐσκερ.
2264 2686 2367 2755 B¹‚

318 2759 456 2810 mut.
487 2757 548 2810 in
577 2774 719 2824 σκερ.
752 2755 838 2821 Β3,
870 2755 926 2819 ἐς
954 2773 1059 2809 om.
1090 2757 1194 2825 Ap.
1328 2761 1391 2809 15
1425 2754 1690 2827 ἐγχέαντα
1718 2755 1879 2820 Lite„
1920 2755 2091 2825 ἐγ(ἐκ-
2120 2755 2367 2827 Ὃχέαν-

318 2849 420 2889 τας
463 2826 665 2893 BMV,
723 2825 915 2896 ἐγχέας
958 2828 1062 2895 Ap.
1198 2848 1233 2896 η
1281 2847 1332 2881 ει
1379 2831 1623 2894 σπυριδα
1661 2826 1706 2879 Β
1834 2829 1966 2881 ante
2019 2845 2181 2895 σπυρ.
2222 2829 2362 2882 add.

323 2933 379 2995 ἐς
413 2932 558 2999 MV,
615 2950 721 2987 om.
762 2933 866 3001 Ap.
978 2950 1140 3001 σφυρ.
1189 2933 1391 3001 MAp.,
1448 2916 1612 3000 σῖὖυρ.
1643 2930 1694 2984 V
1832 2938 1912 2986 15.
1948 2939 2013 2985 16
2045 2932 2110 3002 ἐμ
2149 2933 2371 2990 amma

321 3003 479 3069 Lim,
538 3003 788 3074 ἐμβαλὼν
838 3003 1027 3071 BAp.‚
1085 3003 1456 3074 ἐμβάλλοντας
1504 3002 1625 3056 MV
1798 3008 1861 3056 16
1911 3003 2015 3057 ἔσω
2125 3005 2169 3071 ¹,
2226 3004 2368 3060 εἴσω

321 3072 417 3126 rel.
539 3073 811 3143 ὀλισθηκη
859 3074 904 3125 Β
1069 3080 1134 3126 18
1182 3075 1491 3143 σύμμετρον
1527 3074 1631 3141 Ap.
1753 3092 1938 3144 προεχ.
1987 3074 2149 3140 Litt„
2190 3093 2369 3142 προσ-

322 3142 484 3213 εχέτω
523 3145 683 3200 codd.
821 3151 1096 3212 στωτῆρος
1132 3143 1183 3197 V
1307 3164 1443 3199 κατο
1480 3144 1570 3211 B¹‚
1607 3144 1739 3198 inde
1785 3164 1929 3198 κατα
1964 3164 2028 3198 το
2066 3146 2246 3199 restit.
2288 3147 2373 3201 Β2

431 3212 460 3265 ὁ
499 3230 696 3268 νοσεον
735 3215 863 3269 add.
894 3218 1026 3268 ante
1062 3214 1207 3269 κατὰ
1235 3216 1307 3282 Β,
1345 3215 1476 3284 post
1511 3214 1676 3283 μέρος
1704 3217 1812 3284 (19)
1851 3214 1987 3280 MV,
2027 3232 2135 3269 om.
2174 3216 2225 3268 A
2274 3260 2285 3270 .

327 3288 390 3334 19
430 3300 733 3349 μεροκοσον
769 3284 858 3350 13¹,
906 3285 1038 3338 inde
1075 3285 1214 3338 fecit
1249 3305 1416 3354 μερος
1453 3284 1585 3339 ὅσον
1622 3285 1696 3337 Β3
1833 3284 1915 3339 ὁκ.
1956 3286 2078 3339 MV
2260 3304 2368 3341 σον

322 3370 555 3418 πυγωνα
594 3352 893 3420 scripserat
941 3354 1045 3422 Ap.
1085 3373 1157 3408 m.
1205 3356 1415 3423 prima,
1472 3374 1715 3424 πυγαιον
1763 3356 1843 3425 (in
1879 3372 1985 3410 rae.
2026 3356 2161 3412 inde
2199 3357 2275 3415 ab
2323 3380 2366 3411 α

322 3420 456 3489 litt.)
492 3437 566 3475 m.
595 3437 700 3473 rec.
809 3422 873 3476 τὸ
910 3434 1193 3493 πυγμαῖον
1227 3427 1325 3494 Pq.
1376 3426 1648 3495 (cubitum
1677 3427 1906 3492 Vidjus,
1944 3428 2096 3480 unde
2123 3428 2379 3486 Paesina-

326 3492 383 3541 οὺ
420 3489 551 3541 Litt.
591 3490 943 3544 coniecerant
978 3500 1277 3565 πηχυαῖον)
