2588 3876
904 142 1077 193 ΠΕΡΙ
1111 141 1366 194 ΑΓΜΩΝ
1404 145 1451 194 5.
1483 146 1514 194 6
2117 139 2203 204 55

201 298 308 365 καὶ
351 301 628 384 μάλιστα
674 301 857 385 φάτω
879 303 1064 366 κατὰ
1108 303 1182 369 τὸ
1237 303 1567 386 κάτηγμα,
1619 301 1729 367 καὶ
1783 304 1987 368 τᾶλλα
2039 304 2205 367 κατὰ

202 409 423 492 λόγον·
469 407 576 473 καὶ
623 407 792 491 ἀμφὶ
837 416 927 497 τῷ
966 409 1271 493 οἱδήματι
1317 407 1426 474 καὶ
1475 407 1641 493 ἀμφὶ
1688 417 1777 497 τῷ
1814 418 2049 474 πονεῖν
2092 407 2201 472 καὶ

201 512 363 598 ἀμφὶ
414 523 507 603 τῷ
551 515 797 601 ῥηίζειν
848 517 1014 580 κατὰ
1069 518 1276 599 λόγον
1330 525 1445 598 τῆς
1498 515 1817 601 προτέρης
1875 514 2203 592 ἐπιδέσιος

200 619 499 704 γινέσθω.
573 621 737 706 ἐπὴν
783 622 856 688 δὲ
900 633 1189 707 τριταῖος
1234 615 1306 709 ᾖ,
1351 622 1769 708 χαλαρώτερά
1817 624 1882 686 οὶ
1928 623 2200 688 δοκείτω

198 722 360 792 εἶναι
421 730 503 793 τὰ
566 728 977 813 ἐπιδέσματα.
1067 726 1293 794 ἔπειτα
1354 729 1775 795 ἀπολύσαντα
1835 730 1958 813 χρὴ
2019 724 2202 806 αὖτις
2255 754 2279 793 5

196 832 491 918 ἐπιδῆσαι
537 834 738 923 ὀλίγῳ
774 840 1028 920 μᾶλλον
1062 834 1368 915 πιέζοντα
1400 833 1509 900 καὶ
1557 834 1632 901 ἐν
1670 845 1831 900 πᾶσι
1866 846 2005 912 τοῖς
2041 836 2201 901 ὀθο-

196 943 434 1005 νίοισιν
481 933 741 1025 οἷσιπερ
787 944 1068 1026 ἤμελλεν
1111 941 1519 1024 ἐπιδεῖσθαι,
1568 940 1679 1007 καὶ
1724 939 1944 1007 ἔπειτα
1988 944 2200 1007 πάντα

196 1047 389 1113 αὐτὸν
441 1057 649 1113 ταῦτα
702 1048 1137 1133 καταλαβέτω,
1190 1049 1356 1133 ἅπερ
1411 1047 1520 1113 καὶ
1577 1047 1650 1114 ἐν
1704 1057 1853 1132 τῇσι
1904 1051 2197 1134 πρώτῃσι

194 1154 555 1238 περιόδοισι
599 1165 734 1219 τῶν
777 1154 1144 1220 ἑπιδεσίων.

316 1260 372 1325 6.
412 1259 621 1344 Ἐπὴν
658 1262 733 1327 δὲ
766 1272 1059 1347 τριταῖος
1094 1260 1382 1346 γένηται,
1421 1260 1772 1346 ἑβδομαῖος
1809 1258 1883 1327 δὲ
1920 1261 2047 1326 ἀπὸ
2085 1272 2197 1346 τῆς
2226 1287 2277 1326 10

191 1368 437 1452 πρώτης
485 1367 834 1451 ἐπιδέσιος,
880 1367 966 1452 ἢν
1011 1368 1232 1453 ὀρθῶς
1267 1367 1624 1452 ἐπιδέηται,
1668 1370 1743 1433 τὸ
1788 1368 1912 1452 μὲν
1957 1369 2197 1453 οἴδημα

192 1472 262 1539 ἐν
302 1475 465 1561 ἄκρῃ
514 1485 593 1561 τῇ
638 1472 805 1559 χειρὶ
854 1471 1057 1557 ἔσται,
1104 1475 1264 1539 οὐδὲ
1308 1484 1505 1540 τοῦτο
1553 1478 1705 1558 λίην
1747 1473 1940 1559 μέγα·
2005 1476 2079 1540 τὸ
2128 1473 2185 1540 δ’

192 1578 612 1664 ἐπιδεόμενρν
664 1584 912 1666 χωρίον
971 1580 1046 1646 ἐν
1103 1581 1351 1667 πάσῃσι
1408 1591 1600 1666 τῇσιν
1657 1579 2029 1647 ἑπιδέσεσιν
2087 1580 2194 1646 ἐπὶ

194 1691 576 1772 λεπτότερον
646 1685 756 1752 καὶ
841 1688 1224 1772 ἰσχνότερον
1302 1686 1761 1773 εὑρεθήσεται,
1834 1685 1908 1752 ἐν
1980 1684 2054 1752 δὲ
2116 1697 2193 1772 τῇ

194 1789 423 1880 ἑβδόμῃ
479 1793 593 1858 καὶ
646 1793 823 1859 πάνυ
877 1795 1116 1859 λεπτὸν
1168 1792 1278 1857 καὶ
1333 1795 1413 1858 τὰ
1466 1791 1659 1858 ὀστέα
1711 1794 1791 1856 τὰ
1838 1796 2193 1876 κατεηγότα
2223 1818 2272 1857 15

191 1896 289 1965 ἐπὶ
330 1906 589 1985 μᾶλλον
631 1901 985 1984 κινεύμενα
1028 1897 1137 1965 καὶ
1185 1899 1622 1986 εὐπαράγωγα
1657 1897 1723 1977 ἐς
1759 1901 2192 1984 κατόρθωσιν.

191 2004 288 2071 καὶ
322 2008 406 2091 ἣν
441 2000 486 2095 ᾗ
523 2016 728 2072 ταῦτα
763 2016 1055 2090 τοιαῦτα,
1091 2007 1693 2091 κατορθωσάμενον
1727 2008 1851 2090 χρὴ
1888 2004 2191 2089 ἐπιδῆσαι

191 2112 269 2188 ὡς
310 2112 374 2190 ἐς
416 2114 790 2200 νάρθηκας,
846 2112 1046 2200 ὀλίγῳ
1091 2117 1346 2198 μᾶλλον
1398 2111 1714 2178 πιέσαντα
1756 2112 1797 2196 ἢ
1845 2113 1918 2176 τὸ
1965 2114 2193 2198 πρότε-

190 2241 320 2302 ρον,
361 2220 447 2303 ἢν
485 2221 574 2304 μὴ
611 2222 816 2296 πόνος
851 2242 951 2295 τις
986 2222 1231 2284 πλείων
1267 2211 1310 2305 ᾗ
1347 2218 1473 2284 ἀπὸ
1515 2228 1634 2284 τοῦ
1684 2220 2036 2302 οἰδήματος
2071 2228 2190 2283 τοῦ

190 2321 257 2387 ἐν
298 2327 460 2412 ἄκρῃ
510 2336 587 2412 τῇ
623 2330 809 2411 χειρί.
883 2324 1048 2408 ἐπὴν
1086 2323 1144 2389 δ’
1189 2324 1505 2411 ἐπιδήσῃς
1538 2336 1755 2391 τοῖσιν
1791 2325 2189 2408 ὀθονίοισιν,
2217 2353 2270 2391 20

189 2433 330 2507 τοὺς
372 2434 716 2518 νάρθηκας
759 2438 1138 2516 περιθεῖναι
1183 2433 1308 2517 χρὴ
1342 2429 1453 2496 καὶ
1489 2435 1873 2517 περιλαβεῖν
1909 2430 1985 2497 ἐν
2019 2441 2189 2496 τοῖσι

190 2535 475 2621 δεσμοῖσι
528 2539 616 2615 ὡς
658 2538 1194 2625 χαλαρωτάτοισι,
1241 2537 1495 2603 ὁπόσον
1531 2538 1818 2622 ἠρεμεῖν,
1865 2538 2030 2602 ὥστε
2071 2560 2190 2620 μη-

319 2682 346 2729 1
391 2677 464 2732 τὰ
502 2676 639 2732 ἄλλα
675 2676 795 2731 MV
899 2679 1029 2746 post
1070 2671 1240 2731 τᾶλλα
1288 2677 1416 2730 add.
1466 2675 1528 2732 δὲ
1573 2674 1792 2743 B⁸MV‚
1839 2691 1946 2729 om.
1974 2675 2047 2728 B¹

190 2749 218 2796 2
250 2746 469 2805 πονέειν
509 2748 668 2802 codd.
770 2754 819 2802 2.
851 2753 882 2801 3
919 2749 982 2803 τὸ
1021 2747 1293 2818 οἴδημα..
1320 2748 1413 2802 .τὸ
1450 2766 1575 2801 πον.
1672 2747 1765 2801 .τὸ
1778 2717 1849 2817 6.
1881 2745 1933 2799 V
2031 2751 2064 2798 4
2099 2766 2189 2817 γε·

189 2849 358 2907 νέσθω
396 2855 458 2920 Β,
535 2829 610 2910 ἐν.
639 2854 692 2909 V
772 2851 915 2922 ἐπην
950 2856 1017 2908 ut
1052 2854 1274 2923 saepius
1313 2853 1363 2906 V
1471 2858 1501 2907 5
1541 2854 1634 2908 ἐπὶ
1666 2873 1737 2907 τα
1774 2852 1833 2905 Μ
1904 2848 2062 2916 αὖτις
2096 2852 2185 2919 B¹‚

188 2918 349 2987 αὖθις
380 2925 457 2978 B⁸
533 2925 586 2979 V
694 2931 725 2978 6
764 2926 825 2980 ἐν
863 2942 968 2979 om.
998 2925 1143 2978 Erm.
1217 2933 1398 2979 τοῖσιν
1433 2923 1554 2978 MV
1664 2929 1693 2976 7
1732 2923 1811 2992 ἐμ.
1842 2923 1892 2976 V
1964 2925 2061 2978 καὶ
2095 2925 2187 2979 ἐπὶ

185 2992 249 3046 τὰ
282 2994 326 3046 Β
444 3002 492 3050 7.
522 3001 553 3049 8
592 2996 764 3051 αὐτὸν
798 2995 986 3051 πάντα
1022 2995 1075 3049 V
1194 3000 1226 3048 8
1261 3003 1438 3050 ταῦτα
1476 3012 1580 3049 om.
1612 2994 1677 3061 V,
1715 2994 1892 3050 ταύτὰ
1931 2995 2078 3049 Erm.

189 3068 248 3115 10
269 3063 353 3118 ἐπ’
376 3064 527 3135 ἢνΜ
578 3067 930 3136 τριταιοςΒ1
952 3066 1584 3135 ῑιιιιί·,.111πεμπτοιιοςΒ8
1640 3068 1769 3119 ante
1798 3066 1911 3136 ἑβδ.
1934 3066 2061 3121 add.
2085 3063 2185 3136 ἣΒ

251 3168 360 3241 ἑβδ.
392 3176 478 3228 &a
504 3173 592 3240 B¹,
630 3176 766 3227 mut
796 3173 926 3228 ίῃὲ
957 3172 1019 3229 δὲ
1046 3173 1121 3226 B⁸
1229 3178 1296 3226 13
1334 3158 1483 3243 παση
1488 3172 1631 3241 σιΒ,
1669 3189 1738 3226 εει.
1768 3171 1843 3223 B³
1951 3177 2017 3225 14
2055 3175 2185 3227 ante

186 3240 321 3294 λεπτ.
359 3243 488 3299 add.
524 3245 587 3299 τὸ
624 3244 758 3311 MV,
798 3262 903 3299 om.
933 3244 978 3297 B
1087 3245 1327 3299 ἐπιλεπτ.
1355 3244 1444 3310 13¹,
1449 3195 1631 3297 ⁷Imutz.
1647 3243 1708 3296 in
1745 3243 1823 3297 ἔτι
1858 3246 2003 3298 λεπτ.
2042 3243 2116 3295 Β3

187 3310 276 3362 καὶ
311 3312 449 3384 ἰσχν.
477 3330 581 3369 om.
610 3315 698 3382 B¹,
739 3334 808 3369 ss.
838 3315 913 3368 B³
1057 3319 1121 3367 18
1172 3356 1185 3368 .
1207 3332 1307 3384 ,ησ
1351 3331 1454 3384 pro
1499 3315 1574 3378 ὡς
1611 3315 1666 3378 ἐς
1710 3313 1755 3365 Β
1888 3312 2188 3372 πιέσαντας

188 3377 293 3433 ΒΜ
444 3391 508 3438 19
544 3359 737 3443 πλεῖόν
771 3386 888 3439 ΒΜ
1041 3389 1107 3438 20
1146 3385 1208 3440 δὲ
1244 3385 1298 3439 V
1418 3393 1564 3440 τοῖσι
1600 3382 1881 3439 ὀθονίοισι
1917 3383 1990 3451 Β,
2042 3392 2186 3437 τοῖσι

190 3447 259 3516 Μ,
294 3453 568 3511 ὀθονίοισι
604 3458 654 3511 V
815 3463 879 3511 21
930 3457 990 3512 ἐν
1025 3457 1220 3510 reiecit
1254 3456 1402 3509 Erm.
1565 3461 1631 3506 22
1680 3458 1961 3523 δεσμοῖσιν
1997 3452 2115 3505 MV

190 3524 641 3591 χαλαρωτάτοισιν
678 3528 798 3582 MV
913 3528 1005 3581 ὁπ.
1044 3527 1256 3596 scripsi,
1298 3525 1379 3580 ὁκ,
1419 3524 1577 3579 codd.
1670 3523 1920 3591 ἠρεμέειν
1957 3521 2115 3574 codd.
2163 3567 2168 3572 ,
