2588 3876
697 160 870 209 ΠΕΡΙ
904 158 1194 211 ΑΡΘΡΩΝ
1230 160 1591 210 ΕΜΒΟΛΗΣ
1628 163 1712 211 41.
1741 164 1810 210 42
1841 118 1848 129 ⁶
2138 159 2266 222 167

225 322 350 385 διὰ
408 320 786 404 συστροφὰς
840 321 956 395 τὰς
1008 316 1268 384 ἔσωθεν
1326 318 1582 405 ῥάχιος·
1640 321 2263 406 προσσυμβάλλεται

224 423 310 490 δὲ
357 424 601 490 ἐνίοισι
645 428 773 489 σὺν
817 434 896 509 τῇ
952 425 1197 513 νούσῳ·
1229 426 1342 490 καὶ
1396 428 1476 490 τὰ
1532 428 1856 511 σχήματα,
1911 424 2016 510 ἐφ’
2064 427 2262 492 ὁποῖα

226 530 323 597 ἂν
378 529 746 596 ἑθισθέωσι
800 532 1167 596 κεκλίσθαι.
1259 531 1425 596 ἀλλὰ
1483 533 1635 618 περὶ
1686 532 1810 617 μὲν
1867 534 2125 597 τούτων
2156 532 2261 598 ’ἐν

223 648 411 702 τοῖσι
465 639 792 722 χρονίοισι
848 647 1021 702 τοῖσι
1077 639 1241 702 κατὰ
1284 639 1627 720 πλεύμονα
1671 641 2040 722 νοσήμασιν
2086 640 2264 725 εἰρή-

219 761 447 808 σεται·
508 741 644 808 ὲκεῖ
697 744 822 829 γάρ
879 744 1050 808 εἰσιν
1105 744 1329 808 αὐτῶν
1381 742 1797 829 χαριέσταται
1850 746 2262 831 προγνώσιες
2315 769 2342 810 5

218 847 383 934 περὶ
430 859 566 913 τῶν
610 852 989 930 μελλόντων
1033 851 1324 914 ἔσεσθαι.

363 955 470 1018 42.
537 946 692 1019 Οἷσι
731 956 804 1020 δὲ
850 953 923 1019 ἐκ
958 957 1408 1032 καταπτώσιος
1445 955 1631 1041 ρ”αχις
1667 965 2019 1040 κυφοῦται,
2068 956 2262 1040 ὀλίγα

219 1062 312 1144 δὴ
367 1061 657 1125 τούτων
683 1059 1044 1146 ἐκρατήθη,
1102 1062 1269 1126 ὥστε
1323 1058 1786 1144 ἐξιθυνθῆναι.
1886 1070 2083 1127 τοῦτο
2137 1060 2263 1145 μὲν

216 1168 376 1253 γάρ,
426 1167 496 1230 αὶ
535 1164 612 1230 ἐν
646 1176 724 1251 τῇ
770 1168 1034 1248 κλίμακι
1070 1168 1455 1244 κατατάσιες
1501 1166 1747 1232 οὐδένα
1788 1189 1890 1232 πω
1939 1166 2262 1244 ἐξίθυναν

218 1267 325 1338 ὧν
369 1296 448 1355 γε
498 1270 629 1355 ἐγὼ
678 1267 846 1337 οἶδα.
919 1271 1241 1358 χρέωνται
1287 1270 1364 1337 δὲ
1410 1275 1476 1337 ol
1515 1272 1728 1359 ἰητροὶ
1773 1273 2056 1355 μάλιστα
2092 1273 2258 1359 αὐτῇ
2288 1301 2342 1340 ιο

216 1378 441 1455 οὕτως
525 1376 1000 1459 ἑπιθυμέοντες
1082 1377 1453 1463 ἑκχαυνοῦν
1533 1380 1651 1444 τὸν
1731 1383 1948 1445 πολὺν
1998 1398 2006 1410 ²
2029 1381 2260 1464 ὄχλον·

214 1494 400 1549 τοῖσι
436 1486 591 1569 γὰρ
651 1486 1058 1549 τοιούτοισιν
1117 1493 1326 1549 ταῦτα
1388 1483 1733 1565 θαυμάσια
1796 1483 2006 1569 ἐστιν,
2076 1486 2161 1569 ἢν
2219 1486 2260 1570 ἢ

214 1588 645 1676 κρεμάμενον
692 1585 947 1655 ἴδωσιν
982 1591 1022 1674 ἢ
1079 1591 1510 1676 ριπτεόμενον
1554 1590 1594 1672 ἢ
1654 1590 1778 1655 ὅσα
1822 1602 1996 1656 τοῖσι
2040 1593 2263 1657 τοιού-

212 1712 446 1761 τοισιν
507 1692 751 1760 ἔοικεν·
814 1694 926 1760 καὶ
984 1704 1192 1760 ταῦτα
1250 1699 1630 1779 κληίζουσιν
1690 1694 1818 1761 αἰεὶ
1872 1694 1983 1760 καὶ
2039 1696 2261 1761 οὐκέτι

214 1802 493 1867 αὐτοῖσι
538 1800 749 1884 μέλει,
808 1802 1042 1867 ὁποῖόν
1095 1825 1160 1865 τι
1217 1800 1427 1885 ἀπέβη
1484 1800 1611 1866 ἀπὸ
1657 1809 1777 1866 τοῦ
1824 1803 2259 1887 χειρίσματος,
2288 1828 2340 1868 15

214 1914 357 1973 εἴτε
397 1908 609 1972 κακὸν
646 1913 776 1973 εἴτε
813 1907 1092 1991 ἀγαθόν.
1159 1909 1224 1973 οὶ
1260 1906 1489 1990 μέντοι
1527 1905 1741 1995 ἰητροὶ
1778 1908 1842 1973 οὶ
1879 1909 1961 1973 τὰ
1986 1916 2260 1973 τοιαῦτα

214 2013 732 2097 ἐπιτηδεύοντες
768 2016 991 2080 σκαιοί
1033 2016 1225 2097 εἰσιν,
1274 2015 1393 2091 οὕς
1438 2039 1514 2098 γε
1562 2013 1689 2098 ἐγὼ
1738 2016 1980 2098 ἔγνων·
2026 2015 2102 2078 τὸ
2137 2014 2261 2096 μὲν

214 2122 350 2206 γὰρ
403 2118 727 2203 ἐπινόημα
774 2120 1081 2204 ἀρχαῖον,
1129 2118 1240 2185 καὶ
1277 2118 1558 2185 ἐπαινέω
1597 2118 1804 2204 ἔγωγε
1843 2122 2105 2207 σφόδρα
2142 2121 2261 2184 τὸν

212 2236 498 2312 πρῶτον
536 2223 981 2309 ἐπινοήσαντα
1018 2224 1128 2290 καὶ
1165 2234 1364 2291 τοῦτο
1410 2224 1521 2291 καὶ
1558 2227 1718 2292 ἄλλο
1755 2237 1909 2311 πᾶν,
1959 2228 1994 2292 ὅ
2041 2250 2105 2291 τι
2142 2252 2263 2310 μη-

373 2458 401 2505 1
463 2450 562 2504 εἴσ.
617 2451 775 2505 codd.
924 2452 1055 2505 ante
1111 2449 1232 2523 ῥ’άχ.
1291 2453 1420 2506 add.
1467 2458 1567 2520 τῆς
1610 2451 1721 2504 ΕΗ
1864 2470 1938 2520 πρ
1944 2469 2043 2506 οσυ
2046 2454 2135 2523 μ.β
2182 2452 2259 2518 Μ,

212 2523 533 2593 προσξυμβ,
573 2522 624 2576 V
770 2528 800 2573 2
842 2521 1391 2589 du.BMV,6n.1'
1529 2528 1560 2574 3
1606 2522 1736 2590 post
1771 2522 1874 2590 μὲν
1911 2522 2039 2576 add.
2046 2473 2183 2577 μοῦν
2212 2526 2267 2576 Γ

370 2599 406 2644 4
453 2600 597 2646 τοῖσι
631 2592 762 2661 post
798 2612 864 2663 χρ
834 2612 951 2660 ρ.ον
991 2609 1096 2646 om.
1135 2565 1256 2648 MV
1403 2598 1434 2646 5
1482 2593 1646 2647 ἐκεῖ.
1725 2591 2008 2646 ,ἔσεσθαι
2047 2608 2153 2646 0111.
2195 2595 2259 2660 Γ,

214 2661 978 2734 (1ο1.Ει-ω.χαριέστεραι
1013 2663 1134 2716 MV
1278 2670 1307 2716 7
1350 2660 1524 2717 οσοισι
1560 2635 1695 2753 MV,
1736 2660 1885 2725 ὅσοις
1920 2663 2024 2730 Ap.
2128 2664 2261 2716 ante

218 2755 361 2824 κυφ.
394 2733 525 2787 add.
555 2736 655 2787 καὶ.
682 2734 771 2798 B1,
810 2733 1078 2802 expunxit
1105 2734 1180 2787 B²
1327 2739 1358 2786 9
1394 2735 1525 2803 post
1553 2733 1660 2804 γὰρ
1629 2734 1817 2802 Qadd.
1849 2735 1941 2787 δεῖ
1966 2736 2020 2786 Γ
2084 2753 2259 2787 κατα-

213 2803 428 2866 σείσιες
463 2803 584 2857 MV
693 2804 862 2858 οὐδὲν
899 2801 1159 2868 &megia
1209 2805 1495 2873 MVI'Ap.
1533 2823 1587 2873 p
1631 2809 1699 2856 14
1737 2801 2261 2875 8011δ116,ουχ’ἑν

217 2875 636 2939 απωεξῶυναν
675 2875 779 2943 Ap.
818 2891 872 2944 Ρ.
913 2879 981 2927 25
1128 2881 1195 2929 10
1232 2895 1294 2944 γε
1332 2893 1437 2929 0111.
1468 2875 1622 2998 ΑΡ.Β
1665 2874 2004 2945 χρέωνται..
2030 2874 2263 2943 ,τρόποι

214 2951 297 3017 (Ρ.
334 2951 457 3011 168,
478 2946 531 3014 5)
570 2963 677 3001 0111
717 2948 771 2998 Γ
871 2943 1037 3015 χρέω-
1077 2946 1293 3014 scripsi,
1332 2945 1622 3036 χρῶντεΒ
1634 2944 1954 3015 ,χρέονται
1990 2917 2094 2999 σοὺ.
2207 2946 2262 3000 οἱ

176 3041 180 3045 ·
217 3035 334 3072 om.
375 3017 480 3084 Ap.
509 3033 565 3084 p.
589 3021 657 3068 14
766 3017 906 3086 αὐτῇ
943 3016 1066 3085 μάλ
1096 3017 1201 3084 Ap.
1325 3022 1389 3070 11
1431 3014 1605 3080 ουτως
1634 2987 1743 3084 Ap.
1783 3034 1837 3084 p.
1870 3022 1965 3083 25,
2013 3011 2169 3071 οὗτοι
2208 3016 2263 3071 οἱ
2360 3040 2364 3045 ’

215 3089 334 3142 cet.
447 3086 505 3140 οἳ
532 3087 945 3155 ἐπιθυμοῦνται
980 3087 1085 3155 Ap.
1114 3105 1169 3155 p
1203 3093 1285 3153 14,
1326 3088 1735 3155 ἐπιθυμοῦντες
1760 3086 1806 3139 Β
1953 3104 2121 3155 super
2148 3087 2259 3142 ἐκ.

219 3177 295 3212 ss.
329 3157 455 3224 ἤτοι
496 3157 725 3211 ἀπατᾶν
761 3156 837 3210 B⁸
943 3157 1082 3212 λαόν
1118 3174 1221 3226 pro
1261 3157 1371 3249 ὄχλ,
1411 3158 1515 3226 Ap.
1666 3163 1729 3211 12
1780 3159 1911 3211 ante
1947 3166 2094 3212 τοῖσι
2130 3159 2204 3211 ad
2248 3201 2258 3211 .

219 3230 286 3284 ἐν
326 3229 432 3296 Ap
470 3245 525 3295 p.
560 3233 628 3281 14
733 3227 1042 3282 τοιούτοισι
1063 3228 1208 3294 MV,
1244 3228 1491 3283 τούτοισι
1528 3228 1633 3297 ΑΡ.
1671 3246 1726 3296 Ρ.
1760 3233 1828 3281 14
1935 3237 2113 3282 ταῦτα
2151 3245 2258 3282 om.

204 3302 332 3368 -ΑΡ,
371 3317 426 3367 Ρ.
467 3304 536 3351 25
645 3301 810 3367 θαυμ
812 3297 953 3352 neoto}
990 3299 1094 3367 Ap.
1243 3304 1308 3352 13
1357 3300 1490 3353 ante
1536 3318 1687 3368 κρεμ.
1737 3298 1865 3352 add.
1914 3299 2013 3353 καὶ
2048 3297 2260 3351 lineola

222 3370 479 3424 deletum
515 3369 561 3421 B
655 3319 884 3458 ᾆιπτόμ·
910 3369 1221 3437 MVAp.p
1227 3375 1339 3423 ,14
1428 3377 1571 3423 τοῖσι
1609 3387 1714 3422 0111.
1754 3369 1858 3437 Ap.
2008 3374 2076 3421 14
2113 3368 2259 3423 ἔοικε

218 3441 278 3494 V
403 3458 526 3509 sup.
568 3441 631 3492 κλ
631 3436 734 3508 ηίζ,
775 3457 843 3492 ss,
884 3439 1214 3504 δοξαζουσιν
1252 3440 1327 3493 B³
1453 3441 1542 3493 ἀεὶ
1587 3439 1707 3494 MV
1834 3440 1937 3493 οὐκ
1985 3439 2066 3492 ἔτι
2099 3438 2151 3491 V

226 3518 294 3565 15
332 3512 514 3582 μέλλει
550 3509 671 3563 MV
781 3510 861 3564 ὁκ.
901 3510 1023 3564 MV
1167 3516 1232 3563 17
1271 3509 1370 3571 ους
1406 3510 1575 3579 ἔγωγε
1610 3510 1661 3564 V
