2588 3876
804 143 978 193 ΠΕΡΙ
1011 141 1267 193 ΑΓΜΩΝ
1306 145 1391 193 21.
1421 144 1490 193 22
2079 138 2163 201 79

161 299 495 387 ἐπιδέσιος,
522 303 608 389 ἢν
634 303 723 387 μὴ
749 302 1067 380 κίνδυνος
1093 294 1136 389 ᾖ
1164 300 1237 367 ἐν
1272 310 1365 390 τῷ
1404 304 1707 386 οἰδήματι
1751 302 2166 386 φλυκταινώ-

162 424 297 485 σιος
321 409 362 494 ἢ
389 415 753 494 μελασμοῦ·
781 411 1033 493 γίνεται
1073 405 1147 474 δὲ
1184 405 1386 474 οὐδὲν
1422 417 1708 493 τοιοῦτο,
1751 409 1836 493 ἢν
1871 410 1959 493 μὴ
1997 409 2166 491 ἄγαν

160 538 251 591 τις
273 516 451 602 πιέζῃ
488 518 563 581 τὸ
598 518 894 601 κάτηγμα
921 514 962 600 ἢ
992 506 1720 602 κατακρεμάμενονᾜχῃ
1757 516 1798 600 ἢ
1826 526 2059 581 κνᾶται
2086 524 2165 599 τῇ

159 620 315 707 χειρὶ
350 621 391 706 ἢ
430 625 592 688 ἄλλο
626 647 691 688 τι
726 626 1101 709 προσπίπτῃ
1146 621 1562 709 ἐρεθιστικὸν
1588 624 1753 708 πρὸς
1788 623 1905 687 τὸν
1932 633 2165 708 χρῶτα.

280 729 382 794 22.
448 734 735 814 Σωλῆνα
790 727 864 794 δὲ
920 732 980 795 εἰ
1032 729 1154 815 μέν
1206 753 1308 806 τις
1359 726 1471 795 ὑπ’
1529 728 1733 794 αὐτὸν
1786 730 1904 794 τὸν
1952 729 2167 814 μηρὸν
2221 755 2245 794 5

159 834 432 920 ὑποθείη
507 838 594 921 μὴ
651 837 1152 923 ὑπερβάλλοντα
1222 836 1345 919 τὴν
1411 837 1680 919 ἰγνύην,
1743 837 2023 918 βλάπτοι
2083 833 2167 900 ἂν

159 946 398 1024 μᾶλλον
440 943 484 1027 ἢ
533 942 840 1028 ὠφελέοι·
886 944 1040 1008 οὔτε
1082 944 1210 1029 γὰρ
1256 941 1341 1007 ἂν
1386 944 1461 1007 τὸ
1507 953 1694 1027 σῶμα
1733 944 1979 1008 κωλύοι
2016 943 2168 1007 οὔτε

158 1050 269 1131 τὴν
310 1053 573 1134 κνήμην
617 1051 778 1115 ἄνευ
825 1059 946 1115 τοῦ
995 1058 1211 1134 μηροῦ
1257 1055 1622 1133 κινεῖσθαι,
1680 1048 1931 1135 άσηρόν
1974 1048 2030 1113 τ’
2085 1047 2168 1113 ἂν

159 1155 247 1239 εἴη
304 1157 475 1242 πρὸς
534 1158 656 1239 τὴν
718 1158 957 1240 ἰγνύην
1019 1158 1636 1241 προσβαλλόμενον,
1681 1154 1791 1220 καὶ
1839 1155 1874 1220 ὃ
1938 1156 2169 1239 ἥκιστα

160 1261 268 1345 δεῖ,
302 1261 483 1328 τοῦτ’
527 1261 611 1327 ἂν
647 1261 999 1349 ἐποτρύνοι
1035 1273 1274 1346 ποιεῖν,
1303 1263 1467 1327 κατὰ
1502 1264 1576 1327 τὸ
1616 1265 1783 1346 γόνυ
1821 1263 2165 1347 κάμπτειν·
2197 1290 2248 1329 10

160 1382 365 1435 πᾶσαν
425 1370 549 1455 γὰρ
606 1368 690 1434 ἂν
742 1370 997 1454 τυρβὴν
1054 1369 1329 1454 παρέχοι
1387 1379 1578 1455 τῇσιν
1632 1368 2005 1435 ἐπιὸέσεσιν
2057 1367 2168 1434 καὶ

159 1485 360 1561 μηροῦ
421 1475 890 1560 ἐπιδεδεμένου
944 1474 1055 1540 καὶ
1109 1478 1359 1559 κνήμης
1413 1475 1595 1552 ὅστις
1646 1477 1809 1541 κατὰ
1863 1477 1937 1540 τὸ
1998 1478 2167 1560 γόνυ

158 1581 459 1666 κάμπτοι·
516 1581 766 1666 ἀνάγκη
820 1583 945 1666 γὰρ
1001 1580 1087 1646 ἂν
1141 1588 1242 1665 εἴη
1297 1585 1454 1658 τοὺς
1507 1583 1676 1664 μύας
1729 1583 1961 1647 ἄλλοτε
1996 1584 2167 1647 ἄλλο

161 1699 356 1773 σχῆμα
408 1691 606 1773 ἔχειν·
654 1688 913 1773 ἀνάγκη,
951 1686 1008 1752 δ’
1067 1687 1151 1753 ἂν
1197 1689 1294 1772 εἴη
1343 1686 1453 1752 καὶ
1498 1689 1579 1753 τὰ
1626 1687 1819 1753 ὀστέα
1863 1690 1943 1752 τὰ
1985 1712 2169 1753 κατε-

160 1797 351 1876 ηγότα
407 1799 672 1879 κίνησιν
725 1798 915 1879 ἔχειν.
1005 1793 1158 1879 περὶ
1214 1796 1459 1871 παντὸς
1515 1789 1640 1860 οὖν
1692 1793 2005 1877 ποιητέον
2049 1795 2171 1877 τὴν
2199 1822 2248 1862 15

167 1901 398 1986 ἰγνύην
442 1900 850 1968 ἐντετάσθαι.
925 1901 1147 1968 δοκέοι
1193 1900 1278 1968 ἂν
1327 1897 1451 1968 οὗν
1486 1925 1600 1987 μοι1
1638 1900 1673 1967 ὁ
1714 1902 1935 1984 σωλὴν
1969 1900 2170 1985 ὑπερ-

166 2005 321 2091 έχων
374 2011 542 2095 πρὸς
594 2010 713 2075 τὸν
763 2011 937 2074 πόδα
992 2009 1119 2073 ἀπὸ
1175 2018 1297 2074 τοῦ
1347 2011 1560 2094 ἰσχίου
1608 2008 1891 2093 ὠφελεῖν
1944 2008 2171 2073 ὑποτι-

165 2115 462 2200 θέμενος·
509 2115 620 2181 καὶ
656 2118 870 2193 ἄλλως
903 2114 1041 2181 κατ’
1091 2118 1332 2200 ἰγνύην
1366 2117 1626 2199 ταινίην
1655 2120 1954 2201 χαλαρῶς
1989 2136 2172 2200 περι-

160 2222 425 2303 βάλλειν
464 2219 473 2309 Ι
513 2224 642 2288 σὺν
699 2230 792 2310 τῷ
853 2228 1129 2307 σωλῆνι,
1189 2223 1409 2308 ὥσπερ
1468 2223 1549 2288 τὰ
1592 2223 1825 2305 παιδία
1872 2221 1946 2288 ἐν
2002 2231 2152 2308 τῇσι
2171 2241 2275 2289 492

166 2332 415 2415 κοίτησι
460 2339 972 2416 σπαργανοῦται.
1064 2324 1204 2393 εἶτα
1248 2328 1413 2412 ἐπὴν
1460 2329 1495 2395 ὁ
1541 2330 1749 2415 μηρὸς
1793 2327 1860 2407 ἐς
1903 2331 1977 2394 τὸ
2033 2330 2169 2394 ἅνω
2200 2358 2252 2396 20

162 2435 621 2522 διαστρέφηται
676 2435 718 2519 ἢ
765 2435 830 2512 ἐς
883 2437 957 2500 τὸ
1011 2436 1317 2520 πλάγιον,
1374 2425 2016 2521 εὖκατασχετώτερον
2069 2442 2170 2518 εἴη

161 2539 241 2606 ἂν
283 2546 409 2608 σὺν
453 2551 545 2629 τῷ
593 2547 840 2626 σωλῆνι
887 2542 1110 2618 οὕτως.
1184 2542 1224 2626 ἢ
1263 2537 1390 2608 οὖν
1428 2542 1791 2625 ὃιαμπερής
1837 2558 1945 2606 σοι
1982 2562 2172 2624 ποιη-

160 2646 297 2725 τέος
340 2650 375 2716 ὁ
422 2649 644 2732 σωλὴν
688 2649 730 2733 ἢ
776 2649 857 2714 οὐ
903 2647 1222 2732 ποιητέος.

297 2811 326 2858 2
356 2814 577 2860 τοιοῦτο
604 2804 830 2871 ΒῙΜΜ,
871 2824 960 2859 -ον
987 2804 1062 2858 B⁸
1097 2821 1202 2859 reo.
1288 2805 1361 2874 μὴ
1391 2823 1495 2860 om.
1526 2805 1614 2871 131,
1646 2804 1773 2858 add.
1803 2804 1878 2857 Β8
1969 2810 2000 2857 3
2038 2813 2174 2859 κνᾶ-

160 2893 250 2928 ται
283 2876 344 2943 Β,
382 2884 518 2946 κνῆ-
555 2878 658 2930 cet
785 2881 814 2928 7
858 2874 1098 2945 ὠφελοίη
1136 2876 1180 2928 Β
1300 2881 1331 2929 8
1370 2895 1572 2930 κεινεε-
1602 2846 1654 2928 Β
1762 2872 1815 2929 τ’
1849 2873 1921 2929 ἂν
1958 2875 2030 2943 Β,
2066 2875 2173 2945 γὰρ

162 2948 264 2999 cet.
372 2953 438 3001 10
474 2945 628 3002 τοῦτ’
663 2948 856 3015 ἀποτρ.
887 2947 974 3014 131,
1012 2949 1149 3000 mut.
1188 2947 1251 2999 in
1284 2944 1438 3001 τοῦτ’
1470 2944 1542 3000 ἂν
1570 2945 1752 3015 ἐποτρ.
1782 2947 1858 3000 B⁸
1961 2897 2174 3002 ποιέειν

159 3017 315 3070 codd.
387 3021 517 3087 post
551 3038 607 3072 π.
641 3019 768 3073 add.
799 3017 997 3088 ἥκιστα
1035 3018 1139 3089 γὰρ
1171 3022 1262 3074 δεῖ
1283 3017 1450 3088 vulg„
1484 3035 1589 3072 om.
1620 3018 1709 3085 13¹,
1740 3035 1809 3071 ss.
1830 3018 1904 3070 13⁸
2006 3024 2068 3072 11
2102 3016 2174 3072 αν

161 3104 263 3142 om.
293 3088 343 3141 V
428 3090 600 3160 τύρβη
603 3111 637 3144 ν
674 3089 725 3144 V
803 3099 981 3144 τοῖσιν
1017 3090 1062 3142 Β
1137 3087 1410 3144 ἐπιδέσεσι
1438 3088 1489 3143 V
1603 3094 1667 3142 13
1706 3108 1926 3180 καμπτη
1965 3089 2009 3142 Β
2102 3111 2175 3143 αν

163 3174 264 3211 om.
292 3159 410 3214 MV
516 3163 645 3230 post
682 3160 764 3230 εἴη
804 3162 932 3215 add.
970 3169 1134 3215 τοῦτο
1161 3159 1281 3214 MV
1389 3161 1579 3214 ἄλλοτε
1616 3161 1713 3214 καὶ
1753 3159 1943 3215 &Move
1986 3179 2066 3251 σγ.
2098 3156 2176 3225 Μ,

161 3228 354 3286 ἄλλοτε
389 3233 487 3286 καὶ
522 3231 711 3287 ἄλλοτε
730 3182 878 3286 ”fimo
916 3249 994 3304 σχ.
1026 3231 1077 3286 V
1195 3237 1261 3284 14
1300 3230 1354 3285 l'6
1391 3251 1473 3286 ειν
1509 3231 1630 3285 MV
1739 3237 1804 3285 16
1845 3231 2176 3287 ἐκτετάσθαι

164 3299 251 3364 13¹,
290 3305 424 3355 mut.
461 3302 523 3356 in
561 3303 664 3357 ἐντ
693 3303 769 3356 B⁸
840 3307 998 3359 δοκοι
1034 3303 1097 3368 Β,
1137 3306 1276 3373 ὃοκῆ
1368 3306 1579 3368 ,δοκεῖ
1611 3302 1670 3356 Μ
1742 3323 1835 3372 μοι
1872 3304 1933 3369 Β,
1974 3300 2176 3372 ὁμοίως

164 3369 279 3424 MV
347 3374 515 3441 ὑπερε
506 3395 718 3475 ἔων,
658 3374 718 3441 Β,
751 3374 780 3428 ὁ
808 3373 1078 3447 περιέχων
1108 3376 1361 3427 eet.17
1393 3374 1480 3442 ὠφ
1486 3372 1655 3428 ελέειν
1685 3374 1843 3427 codd.
1921 3346 1987 3427 18
2006 3322 2176 3430 ἄλλος

165 3440 250 3507 B1‚
287 3446 422 3497 mut.
451 3444 498 3496 B
561 3462 620 3498 m
657 3466 757 3509 -ως
849 3397 1034 3515 ταινίη
1062 3446 1109 3498 Β
1220 3449 1284 3498 19
1324 3445 1425 3509 ξὺν
1440 3394 1581 3498 φΜῩ
1691 3450 1755 3497 21
1788 3441 2173 3539 διαστρέφοιτο

169 3514 337 3582 codd„
376 3515 586 3568 correxi
657 3522 722 3569 22
762 3517 861 3581 ξὺν
898 3467 1034 3569 MV
1112 3515 1255 3582 εἰν,
1292 3513 1328 3583 ἡ
1367 3514 1441 3581 Μ,
1482 3512 1517 3582 ἢ
1547 3514 1634 3578 ΒῙ,
1664 3515 1800 3566 111111'1·
1831 3514 1891 3566 in
1933 3510 2002 3578 ἢν
2030 3510 2104 3560 B*
