2588 3876
355 145 487 211 206
856 149 1030 199 ΠΕΡΙ
1065 147 1356 200 ΑΡΘΡΩΝ
1393 148 1751 199 monn:
1789 150 1856 199 58

355 307 733 392 ἀνήκεστον.
799 300 934 375 οἷσι
972 306 1030 372 δ’
1069 307 1153 373 ἄν
1190 306 1262 374 ἐκ
1300 319 1527 392 γενεῆς
1564 306 1740 392 ἢκαὶ
1769 309 1983 384 ἄλλως
2009 306 2087 373 ἐν
2115 307 2390 392 αὐξήσει

354 415 586 481 ἐοῦσιν
632 415 844 492 οὕτως
888 415 1129 500 ὀλίσθῃ
1176 418 1252 480 τὸ
1292 416 1556 499 ἄρθρον
1594 414 1803 479 ὀπίσω
1840 412 1950 479 καὶ
1986 415 2074 497 μὴ
2116 413 2391 500 ἐμπέσῃ,

354 525 443 606 ἥν
487 545 557 586 τε
593 524 705 607 βίῃ
745 523 987 607 duae-32
1024 524 1110 605 ἤν
1145 545 1215 587 τε
1252 520 1363 586 καὶ
1399 522 1530 586 ὑπὸ
1569 523 1820 587 νούσου
1873 558 1948 568 -
2000 523 2220 586 πολλὰ
2256 523 2388 606 γὰρ

353 630 435 693 τὰ
487 637 761 694 τοιαῦτα
813 628 1276 714 ἑξαρθρήματα
1329 632 1584 712 γίνεται
1639 628 1715 694 ἐν
1758 629 2060 705 νούσοις·
2123 619 2259 693 οἶαι
2307 627 2393 693 δέ

300 761 326 802 5
352 734 531 812 τινές
567 737 739 800 εἰσιν
775 735 843 800 αὶ
880 745 1138 817 νοῦσοι,
1185 734 1260 801 ἐν
1296 726 1452 821 ᾖσιν
1496 733 1915 820 ἐξαρθρεῖται
1959 736 2041 798 τὰ
2086 744 2389 819 τοιαῦτα,

353 841 639 927 ὕστερον
681 843 1077 927 γεγράψεται
1117 879 1222 925 -—‚
1259 840 1346 926 ἣν
1383 837 1510 907 οὖν
1545 841 1784 907 ἐκστὰν
1817 843 1904 925 μὴ
1943 839 2211 927 ἐμπέσῃ,
2258 852 2387 908 τοῦ

352 949 475 1034 μὲν
510 958 725 1034 μηροῦ
763 950 836 1013 τὸ
883 949 1116 1014 ὀστέον
1151 951 1365 1034 βραχὺ
1413 953 1694 1033 γίνεται,
1741 958 2056 1013 κακοῦται
2104 949 2180 1013 δὲ
2223 947 2339 1013 καὶ

247 1073 352 1121 254
371 1065 506 1120 πᾶν
550 1057 625 1120 τὸ
681 1056 911 1132 σκέλος
954 1054 1064 1121 καὶ
1112 1054 1594 1141 ἄναυξέστερον
1639 1058 1891 1138 γίνεται
1936 1054 2048 1119 καὶ
2096 1054 2387 1138 ἄσαρκό-

349 1186 547 1247 τερον
590 1167 814 1251 πολλῷ
863 1164 975 1227 διὰ
1017 1164 1093 1227 τὸ
1139 1164 1349 1246 μηδὲν
1394 1169 1857 1248 προσχρῆσθαι
1895 1163 2091 1250 αὐτῷ·
2138 1171 2386 1227 κακοῦ-

272 1296 324 1336 ιο
350 1293 457 1334 ται
502 1271 629 1354 γὰρ
674 1272 969 1335 τούτοισι
1014 1271 1124 1335 καὶ
1169 1271 1244 1334 τὸ
1291 1272 1455 1335 κατὰ
1499 1272 1622 1354 τὴν
1668 1271 1907 1354 ἰγνύην
1952 1271 2244 1353 ἄρθρον·
2298 1272 2387 1334 τὰ

350 1378 477 1461 γὰρ
531 1386 737 1461 νεῦρα
791 1375 1181 1459 ἐντεταμένα
1234 1380 1488 1459 γίνεται
1543 1377 1655 1441 διὰ
1710 1378 1790 1441 τὰ
1844 1378 2149 1460 πρόσθεν
2203 1378 2384 1461 εἰρη-

348 1482 530 1563 μένα.
623 1481 719 1547 διδ
787 1483 869 1548 οὐ
926 1483 1246 1548 δύνανται
1302 1481 1378 1549 τὸ
1436 1484 1601 1548 κατὰ
1654 1485 1777 1567 τὴν
1825 1483 2068 1565 ἰγνύην
2114 1484 2387 1567 ἄρθρον

350 1587 693 1653 ἐκτανύειν
737 1580 837 1666 οἷς
883 1588 968 1654 ἄν
1013 1590 1223 1666 οὕτως
1270 1591 1488 1674 ἰσχίον
1523 1587 1781 1675 ἐκπέσῃ.
1863 1591 1952 1664 ὡς
1987 1589 2115 1674 γὰρ
2162 1587 2238 1653 ἐν
2273 1613 2383 1653 κε-

350 1697 611 1783 φαλαίῳ
676 1697 1019 1781 εἰρῆσθαι,
1083 1698 1299 1761 πάντα
1362 1697 1442 1760 τὰ
1493 1694 1569 1761 ἐν
1625 1703 1719 1783 τῷ
1780 1696 2032 1775 σώματι
2089 1695 2213 1760 ὅσα
2263 1694 2382 1760 ἐπὶ

268 1828 319 1868 15
348 1805 575 1886 χρήσει
620 1801 923 1886 γέγονεν,
980 1802 1409 1887 χρεωμένοισι
1453 1803 1577 1884 μὲν
1621 1801 1849 1886 μέτρια
1894 1799 2005 1866 καὶ
2051 1806 2382 1884 γυμναζο-

348 1908 652 1994 μένοισιν
678 1907 754 1974 ἐν
770 1919 919 1996 τῇσι
945 1912 1487 1996 ταλαιπωρίῃσιν,
1508 1907 1582 1975 ἐν
1608 1901 1765 1994 ᾗσιν
1791 1908 2031 1974 ἕκαστα
2060 1914 2383 1993 εἴθισται,

349 2015 521 2081 οὕτω
576 2012 700 2098 μὲν
753 2016 998 2100 ὑγιηρὰ
1053 2018 1163 2081 καὶ
1209 2015 1449 2100 αῦξιμα
1495 2017 1603 2080 καὶ
1651 2016 1897 2100 εῦγηρα
1943 2017 2224 2097 γίνεται·
2284 2017 2381 2099 μὴ

346 2121 775 2205 χρεωμένοισι
812 2122 919 2205 δέ,
967 2122 1106 2188 ἀλλ’
1154 2121 1497 2189 ἐλινύουσι
1532 2125 1935 2207 νοσηρότερα
1972 2124 2227 2203 γίνεται
2262 2124 2381 2186 καὶ

347 2226 633 2305 ἀναυξέα
669 2227 778 2293 καὶ
814 2229 1165 2314 ταχύγηρα.
1258 2228 1333 2294 ἐν
1369 2229 1444 2293 δὲ
1489 2230 1827 2294 τούτοισιν
1862 2229 1985 2311 οὐχ
2021 2228 2260 2310 ἥκιστα
2292 2231 2381 2293 τὰ

266 2361 319 2401 20
346 2336 570 2420 ἄρθρα
595 2344 793 2400 τοῦτο
823 2336 1122 2401 πέπονθε
1165 2334 1277 2401 καὶ
1323 2338 1402 2400 τὰ
1446 2345 1680 2420 νεῦρα,
1727 2334 1812 2418 ἢν
1847 2336 1937 2419 μή
1972 2358 2071 2411 τις
2109 2334 2378 2400 αὐτοῖσι

346 2440 626 2526 χρέηται.
699 2450 1059 2508 κακοῦνται
1094 2443 1216 2525 μὲν
1254 2438 1380 2507 οὖν
1418 2443 1530 2506 διὰ
1564 2443 1806 2518 ταύτας
1840 2443 1956 2517 τὰς
1991 2443 2378 2526 προφάσιας

488 2675 517 2722 1
575 2667 822 2724 ὁκόσοισι
858 2668 979 2723 ΜΨ
1105 2677 1294 2740 γενετῆ
1260 2690 1328 2738 ης
1371 2670 1475 2738 Ap.
1604 2669 1702 2723 καὶ
1746 2686 1854 2722 om.
1902 2669 2063 2738 BAp.
2192 2669 2378 2731 ἄλλως

342 2759 460 2803 πως
505 2739 840 2808 ἀναυξήτοις
885 2741 964 2796 ἔτι
1008 2737 1168 2797 οὖσιν
1206 2741 1283 2795 ὄλ.
1322 2741 1426 2809 Ap.
1591 2746 1621 2792 2
1679 2739 1823 2795 οὕτω
1861 2739 1907 2827 Β
2036 2740 2240 2808 ὀλισθῆ
2278 2739 2373 2793 bis

341 2811 518 2865 BMV
628 2809 801 2866 dwlo'm
852 2828 958 2866 om.
997 2812 1100 2881 Ap.
1259 2817 1290 2864 3
1340 2758 1512 2866 νόσου
1549 2811 1599 2865 V
1741 2817 1776 2863 4
1823 2809 1894 2864 τὰ
1933 2827 2040 2864 om
2080 2811 2126 2863 B
2240 2812 2374 2866 νού-

342 2900 521 2937 σοισιν
559 2882 677 2938 MV
821 2888 853 2936 5
910 2878 1004 2950 ἧσι
1050 2889 1126 2953 (σι
1163 2885 1257 2952 se.)
1293 2883 1353 2935 M
1463 2879 1825 2950 ἐξαρθρέεται
1871 2881 2030 2935 codd.
2183 2886 2213 2934 7
2271 2884 2376 2937 καὶ

342 2971 448 3007 om.
488 2953 607 3009 MV
742 2960 775 3007 8
811 2952 1147 3022 ἀναξέτερον
1184 2954 1236 3007 V
1371 2960 1402 3006 9
1437 2970 1615 3023 προσχ
1617 2949 1844 3020 ρίεσθαι
1879 2952 1951 3018 Β,
1989 2972 2134 3023 προχ
2138 2949 2374 3021 ρίεσθαι

341 3024 424 3090 Μ,
462 3043 537 3093 πρ
541 3044 605 3095 οχ
609 3024 713 3092 ρ.έε
753 3025 804 3079 V
949 3031 1014 3079 12
1061 3026 1196 3080 διὸ.
1274 3025 1499 3080 .ἐκταν.
1539 3041 1645 3078 om.
1684 3024 1770 3091 M,
1817 3024 1944 3077 add.
1984 3024 2021 3077 i.
2060 3042 2133 3077 m.
2138 2973 2264 3077 ⁰11²

343 3101 410 3148 13
449 3046 605 3149 οἶσιν
629 3098 684 3166 (ν
722 3096 850 3150 add.
889 3096 997 3165 Μ’)
1033 3096 1153 3152 MV
1298 3097 1371 3159 ὡς
1407 3095 1554 3165 γὰρ.
1632 3092 1854 3149 ,δυσίν
1894 3097 1968 3164 (p.
2010 3100 2136 3163 207,
2166 3098 2222 3164 ⁷)
2257 3112 2373 3150 om.

340 3170 395 3220 Γ
533 3173 600 3219 14
646 3167 732 3235 εἰρ
735 3167 930 3222 έεσθαι
966 3167 1088 3221 MV
1196 3165 1370 3222 ὁκόσα
1407 3166 1526 3220 MV
1672 3171 1739 3219 15
1788 3165 1982 3235 γέγονε
2019 3166 2072 3219 V
2179 3185 2373 3238 χρεομ.

339 3236 462 3289 MV
571 3243 752 3291 15.16
790 3238 1305 3307 γυμναζομένοισι(ν
1335 3238 1461 3292 add.
1493 3257 1565 3291 m.
1596 3241 1649 3305 2)
1687 3238 1746 3291 Μ
1857 3242 1923 3290 16
1960 3235 2376 3306 ταλαιπωρίησι

433 3300 570 3371 ,ἧσι
605 3307 748 3374 ΒΜ,
794 3328 827 3361 ν
866 3309 992 3363 add.
1031 3309 1118 3361 Μ’
1262 3315 1329 3362 17
1369 3309 1510 3378 αὔξη
1513 3330 1590 3378 μα
1617 3309 1662 3362 Β
1809 3313 1876 3361 18
1912 3327 2097 3380 χρεομ.
2137 3307 2263 3362 ΜΨ

342 3377 538 3431 ἐλλινύ.
568 3377 621 3430 Ψ
727 3378 972 3446 νοσηλότ.
1010 3380 1055 3433 Β
1166 3385 1232 3433 19
1269 3380 1514 3434 τούτοισι
1513 3330 1682 3446 μ,ΒΜ
1722 3400 1754 3434 ν
1792 3379 1920 3433 add.
1959 3378 2048 3431 M*
2157 3383 2228 3433 20
2263 3379 2370 3434 πέ-

340 3451 562 3500 πονθεν
598 3446 658 3499 Μ
771 3448 841 3500 τὰ
879 3452 1009 3503 ante
1047 3458 1218 3518 νεῦρα
1256 3468 1362 3505 om
1401 3450 1682 3518 ΒΜΨΗῙ,
1728 3450 2002 3520 praebent
2047 3453 2151 3505 cet.
2201 3447 2396 3505 codd:

450 3517 640 3578 αὐτοῖς
675 3517 721 3569 Β
866 3525 928 3571 21
971 3530 1241 3574 κακοῦται
1278 3521 1398 3575 ΜΨ
1505 3521 1604 3590 μὲν
1642 3539 1747 3577 om.
1787 3522 1906 3576 ΜΨ
