2588 3876
330 144 413 211 68
1052 148 1225 200 ΠΕΡΙ
1259 148 1515 201 Arma<
1554 152 1621 201 13

333 317 582 376 σασθαι
636 311 815 397 παρὰ
856 311 976 374 τὸν
1029 311 1359 396 περίνεον,
1414 310 1503 386 ὡς
1545 310 1765 396 κωλύῃ
1821 309 2229 374 ἀκολουθεῖν
2273 309 2348 373 τὸ

332 428 518 502 σῶμα
579 427 751 483 τοῖσι
814 417 980 501 πρὸς
1040 417 1268 482 ποδῶν
1325 419 1679 481 τείνουσιν.
1768 413 1996 481 ἔπειτα
2050 417 2219 502 πρὸς
2277 418 2351 481 τὸ

331 526 719 609 τεινόμενον
782 522 1010 601 σκέλος
1072 525 1159 608 μὴ
1225 521 1477 609 ῥέπειν·
1539 524 1658 588 τὸν
1722 522 1800 587 δέ
1857 546 2009 588 τινα
2067 523 2355 606 πλάγιον

332 634 896 716 παρακαθήμενον
932 629 1233 695 ἀπωθεῖν
1267 630 1388 694 τὸν
1423 632 1731 713 γλουτόν,
1768 630 1855 706 ὡς
1891 630 1979 714 μὴ
2015 630 2357 714 περιέλκη-

280 763 304 803 5
332 761 440 802 ται
483 739 557 802 τὸ
607 748 807 821 σῶμα.
889 745 1086 801 τοῦτο
1145 737 1220 802 δὲ
1272 739 1414 820 καί,
1477 737 1562 820 ἢν
1617 738 1793 821 παρὰ
1855 738 1969 812 τὰς
2022 737 2359 822 μασχάλας

333 841 537 909 ἔνθεν
596 843 704 908 καὶ
768 841 973 908 ἔνθεν
1034 845 1115 908 τὰ
1170 841 1333 920 ξύλα
1390 845 1847 928 παραπεπήγῃ,
1899 844 1967 907 αὶ
2024 843 2099 908 δὲ
2148 853 2360 928 χεῖρες

333 949 855 1034 παρατεταμέναι
928 950 1432 1034 φυλάσσωνται,
1517 950 2213 1035 προσεπιλαμβάνηται
2286 948 2363 1015 δέ

335 1079 436 1134 τις
507 1058 671 1121 κατὰ
741 1058 815 1121 τὸ
891 1059 1090 1140 γόνυ,
1162 1054 1272 1119 καὶ
1338 1056 1546 1133 οὕτως
1611 1056 2059 1122 ἀντιτείνοιτο.
2159 1063 2359 1120 τοῦτο

338 1161 395 1227 δ’
443 1165 528 1248 ἢν
573 1164 751 1248 παρὰ
794 1164 869 1228 τὸ
907 1164 1074 1246 γόνυ
1121 1163 1354 1247 βούλῃ,
1402 1164 1642 1239 ἄλλους
1689 1163 1960 1247 ἱμάντας
2003 1164 2362 1246 περιδήσας

258 1270 377 1354 1οῆ
423 1268 574 1354 περὶ
621 1271 741 1335 τὸν
776 1272 1010 1354 μηρόν,
1056 1272 1364 1353 πλήμνην
1399 1269 1606 1353 ἄλλην
1641 1268 1807 1354 ὑπὲρ
1845 1275 2132 1353 κεφαλῆς
2170 1290 2362 1333 κατο-

338 1373 558 1462 ρύξας,
607 1375 959 1461 ἐξαρτήσας
1004 1377 1158 1452 τοὺς
1206 1375 1477 1459 ἱμάντας
1524 1378 1596 1440 ἔκ
1639 1399 1821 1452 τινος
1861 1373 2086 1459 ξύλου,
2130 1375 2206 1439 τὸ
2255 1372 2366 1452 ξύ-

339 1487 465 1547 λον
527 1485 847 1567 στηρίζων
912 1481 977 1559 ἐς
1041 1483 1163 1566 τὴν
1224 1484 1559 1567 πλήμνην,
1627 1482 1942 1547 τάναντία
2002 1493 2135 1546 τῶν
2197 1483 2367 1567 πρὸς

339 1589 572 1655 ποδῶν
614 1588 848 1654 ἕλκειν.
921 1597 1118 1653 τοῦτο
1161 1586 1218 1652 δ’
1266 1589 1351 1673 ἣν
1386 1590 1618 1674 βούλῃ,
1658 1587 1803 1654 ἀντὶ
1839 1599 1975 1654 τῶν
2009 1588 2367 1671 πλημνέων

342 1698 579 1761 δοκίδα
621 1696 973 1772 ὑποτείνας
1016 1696 1148 1760 ὑπὸ
1194 1697 1318 1780 τὴν
1362 1698 1599 1780 κλίνην
1633 1698 1906 1781 μετρίην
1940 1693 2162 1760 ἔπειτα
2199 1697 2367 1781 πρὸς

233 1820 340 1869 466
360 1814 475 1886 τῆς
531 1804 798 1879 δοκίδος
853 1805 1057 1868 ἔνθεν
1099 1800 1209 1868 καὶ
1256 1799 1461 1867 ἔνθεν
1514 1804 1636 1887 τὴν
1679 1805 1973 1887 κεφαλὴν
2018 1799 2370 1889 στηρίΙζων

264 1937 316 1977 16
344 1908 455 1975 καὶ
511 1909 817 1976 ἀνακλῶν
871 1910 950 1974 τὰ
1009 1906 1171 1987 ξύλα
1227 1912 1633 1975 κατατείνειν
1690 1911 1847 1986 τοὺς
1904 1908 2192 1993 ἱμάντας.
2283 1909 2370 1993 ἢν

344 2018 418 2081 δὲ
470 2015 704 2102 θέλῃς,
762 2015 1071 2091 ὀνίσκους
1125 2019 1528 2100 καταστήσας
1584 2019 1786 2081 ἔνθεν
1838 2014 1948 2081 καὶ
2002 2013 2207 2081 ἔνθεν
2256 2014 2357 2081 ἐπ’

344 2122 617 2188 ἐκείνων
663 2124 785 2206 τὴν
822 2123 1177 2187 κατάτασιν
1213 2129 1572 2188 ποιεῖσθαι.
1644 2121 1879 2187 πολλοὶ
1919 2119 1994 2187 δὲ
2027 2121 2139 2187 καὶ
2179 2124 2373 2187 ἄλλοι

343 2231 578 2313 τρόποι
624 2231 1051 2294 κατατασίων.
1125 2231 1400 2314 ἄριστον
1446 2230 1520 2295 δὲ
1558 2230 1736 2306 ὅστις
1772 2227 1848 2294 ἐν
1890 2232 2080 2294 πόλει
2118 2230 2370 2313 μεγάλῃ

267 2364 318 2402 20
350 2336 663 2420 ἰητρεύει,
719 2342 1075 2419 κεκτῆσθαι
1131 2334 1616 2419 ἐσκευασμένον
1670 2336 1891 2419 ξύλον,
1948 2334 2022 2400 ἐν
2067 2326 2119 2422 ᾧ
2167 2343 2373 2400 πᾶσαι

347 2443 420 2507 αἱ
461 2441 739 2525 ἀνάγκαι
796 2445 1060 2506 ἔσονται
1107 2442 1376 2506 πάντων
1430 2442 1553 2525 μὲν
1597 2442 2045 2525 κατηγμάτων,
2099 2443 2376 2506 πάντων

348 2550 422 2615 δὲ
486 2551 764 2635 ἄρθρων
838 2547 1118 2633 ἐμβολῆς
1182 2547 1254 2613 ἐκ
1326 2548 1713 2625 κατατάσιος
1784 2546 1895 2613 καὶ
1962 2549 2375 2633 μοχλεύσιος.

493 2782 519 2828 1
558 2776 819 2845 περινεὸν
847 2775 899 2829 V
970 2777 1169 2830 κωλύει
1197 2776 1257 2828 Μ
1329 2775 1696 2832 ἀκολουθέειν
1722 2776 1842 2830 MV
1975 2781 2007 2828 2
2044 2773 2288 2830 τείνουσι
2315 2776 2380 2829 Μ

491 2853 630 2900 2-5
669 2848 858 2902 ἔπειτα
890 2890 901 2899 .
934 2891 945 2901 .
981 2891 991 2901 .
1022 2856 1177 2916 σῶμα
1206 2847 1266 2900 in
1297 2847 1633 2914 quibusdam
1661 2847 2070 2917 exemplaribus
2102 2847 2380 2901 memoria

350 2917 551 2972 Galeni
578 2934 692 2971 non
717 2918 960 2984 fuerunh,
1002 2918 1070 2972 cf.
1102 2918 1225 2972 Gal.
1259 2935 1452 2973 comm.
1482 2937 1536 2987 p.
1567 2923 1672 2971 480
1813 2925 1848 2971 4
1884 2916 2173 2973 ἀπωθέειν
2211 2919 2377 2972 codd.
2483 2945 2488 2952 -

419 2992 671 3059 γλουτον,
698 3008 744 3043 τ.
776 2989 937 3043 88.Βὸ
1009 2995 1040 3042 5
1069 2991 1199 3058 post
1229 2987 1301 3058 ἢν
1330 2990 1459 3045 add.
1489 2990 1680 3061 βούλῃ,
1706 2990 1838 3043 Litt.
1913 2989 2069 3057 παρὰ
2096 2989 2141 3042 Β
2174 2992 2232 3043 et
2252 2990 2378 3046 Gal.

353 3111 546 3149 comm.
578 3113 630 3163 p.
660 3101 784 3163 481,
829 3096 957 3164 περὶ
992 3095 1112 3149 MV
1256 3102 1287 3149 6
1325 3114 1698 3166 παραπεπηγη
1736 3096 1798 3162 Β,
1838 3063 2107 3166 -πέπηγζ,μ
2125 3096 2204 3164 Μ,
2253 3115 2382 3151 -πε-

352 3165 529 3236 πηγέη
566 3166 633 3232 V,
673 3165 943 3237 -πέπηγεν
980 3166 1077 3220 rel.
1116 3167 1282 3237 vulg„
1322 3166 1655 3237 -πεπηγέναι
1691 3167 1838 3221 Erm.
1978 3172 2008 3219 7
2046 3167 2383 3235 φυλάσσων-

352 3258 445 3291 ται
481 3237 544 3302 Β,
583 3257 767 3292 -ονται
803 3238 898 3291 rel.
1008 3241 1594 3310 προσεπιλαμβανηται
1631 3238 1721 3305 B1‚
1760 3237 1998 3310 -βανέτω
2035 3238 2242 3292 B³MV
2278 3239 2379 3292 rel.

497 3314 528 3361 8
565 3308 629 3362 τὸ
667 3325 771 3362 om.
810 3308 930 3362 MV
1065 3310 1403 3363 senfientiam
1440 3311 1621 3379 (5—8)
1658 3310 1926 3363 instruxit
1959 3309 2060 3362 nb.
2174 3317 2205 3364 9
2284 3311 2385 3366 ού-

354 3381 512 3448 ληται
549 3378 669 3432 MV
739 3380 1076 3448 περιδήσσας
1111 3380 1158 3433 Β
1294 3388 1360 3435 12
1398 3381 1630 3436 τᾶναντι
1668 3381 1726 3433 Μ
1864 3387 1929 3434 13
1968 3380 2110 3435 ἕλκει
2148 3382 2209 3434 Μ

359 3456 424 3503 16
478 3452 576 3506 καὶ
623 3466 727 3503 om.
765 3451 855 3517 B¹‚
894 3452 1068 3504 adeor.
1099 3451 1173 3504 B³
1318 3458 1383 3506 18
1428 3451 1725 3506 ποιέεσθαι
1763 3453 1921 3506 codd.
2067 3458 2133 3505 21
2180 3452 2242 3506 αἱ
2272 3470 2382 3508 om.

357 3521 486 3575 MV
628 3520 879 3591 κάτηγμα
915 3531 1024 3577 τῶν
1061 3522 1179 3577 MV
1323 3529 1389 3576 22
1429 3523 1653 3595 ἐνβολης
1686 3524 1775 3591 ΒῙ,
1813 3526 1948 3577 muh.
1978 3523 2038 3576 in
2078 3523 2193 3596 ἐμβ.
2231 3525 2311 3578 B⁸
