2588 3876
664 112 837 162 ΠΕΡΙ
872 111 1163 163 ΑΡΘΡΩΝ
1202 113 1563 162 ΕΜΒΟΛΗΣ
1603 115 1685 163 68.
1719 117 1785 164 69
2111 112 2237 173 221

222 272 431 353 φαύλη
494 270 755 354 ἀρκέσει
813 282 947 337 τῶν
1006 272 1332 336 τοιούτων
1389 268 1650 337 ἑλκέων.
1733 271 1897 356 ἀτὰρ
1953 271 2063 338 καὶ
2121 273 2243 337 ὅσα

219 378 300 459 μὴ
353 379 517 441 κατὰ
569 380 650 442 τὰ
708 379 964 462 ἄρθρα,
1020 377 1187 443 ἀλλὰ
1246 375 1385 443 κατ’
1443 380 1653 462 ἄλλην
1711 380 1862 443 τινὰ
1922 377 2055 456 ἴξιν
2108 389 2244 443 τῶν

218 482 457 548 ὀστέων
511 483 978 568 ἀποκόπτεται,
1044 483 1154 548 καὶ
1210 494 1418 548 ταῦτα
1472 483 1705 549 ἀσινέα
1760 483 1943 550 ἐστὶν
1988 483 2098 550 καὶ
2146 488 2242 550 ἔτι

215 589 657 675 εὐαλθέστερα
711 602 845 656 τῶν
902 587 1170 674 ἑτέρων·
1234 589 1347 654 καὶ
1404 590 1528 654 ὅσα
1582 592 1747 655 κατὰ
1800 593 1958 667 τοὺς
2004 593 2243 656 δακτύ-

216 699 367 773 λους
412 696 608 761 ὀστέα
651 695 1017 780 καταγέντα
1062 694 1303 780 ἐξίσχει
1348 695 1437 779 μὴ
1475 697 1640 761 κατὰ
1684 699 1760 762 τὸ
1799 699 2084 783 ἄρθρον,
2129 699 2238 762 καὶ
2295 721 2317 760 5

212 812 411 867 ταῦτα
449 801 682 867 ἀσινέα
720 801 1174 888 ἐμβαλλόμενά
1212 802 1411 868 ἐστιν.
1484 802 1845 880 ἀποκόψιες
1882 805 1957 868 δὲ
2000 803 2240 869 τέλειαι

210 907 455 974 ὀστέων
509 908 620 973 καὶ
674 912 840 974 κατὰ
894 911 974 973 τὰ
1028 910 1252 994 ἄρθρα
1307 906 1417 974 καὶ
1474 908 1547 974 έν
1590 908 1750 973 ποδὶ
1794 909 1904 974 καὶ
1952 909 2028 975 ἐν
2072 909 2243 995 χειρὶ

210 1013 312 1078 καὶ
360 1014 438 1080 ἐν
484 1017 698 1100 κνήμῃ
737 1025 910 1080 τοῖσι
948 1017 1125 1100 παρὰ
1163 1017 1243 1080 τὰ
1280 1016 1535 1099 σφυρά,
1582 1014 1692 1079 καὶ
1729 1014 1805 1080 ἐν
1841 1018 2033 1100 πήχει
2068 1028 2240 1082 τοῖσι

207 1125 382 1206 παρὰ
449 1124 607 1198 τοὺς
670 1123 996 1206 καρπούς,
1069 1132 1244 1187 τοῖσι
1316 1125 1730 1187 πλείστοισιν
1792 1121 2243 1203 ἀποκοπτομέ-

206 1246 431 1294 νοισιν
478 1227 709 1294 ἀσινέα
756 1230 1037 1312 γίνεται,
1098 1228 1223 1292 ὅσα
1281 1227 1366 1292 ἂν
1420 1229 1508 1311 μὴ
1556 1228 1792 1293 αὐτίκα
1837 1232 2241 1311 λειποθυμίη
2272 1255 2323 1294 ιο

206 1334 542 1420 ἀνατρέψῃ
589 1334 630 1418 ἢ
678 1338 1085 1419 τεταρταίοις
1131 1333 1318 1399 ἐοῦσι
1374 1337 1657 1419 πυρετὸς
1704 1335 1984 1419 συνεχὴς
2030 1334 2242 1417 ἐπιγέ-

205 1466 417 1525 νηται.

336 1548 447 1612 69.
500 1545 1084 1630 Ἀποσφακελίσιες
1120 1547 1349 1632 μέντοι
1390 1558 1655 1631 σαρκῶν
1690 1546 1800 1611 καὶ
1840 1546 1912 1611 ἐν
1949 1550 2241 1631 τρώμασι

204 1656 630 1739 αἱμορρόοισι
677 1652 1140 1735 γενομένοισιν
1185 1654 1224 1737 ἢ
1272 1650 1757 1737 ἀποσφίγξεσιν
1795 1655 2095 1738 ἰσχυραῖς
2131 1652 2240 1717 καὶ

204 1759 276 1825 ἐν
323 1758 581 1825 ὀστέων
627 1761 1038 1842 κατήγμασιν
1090 1766 1468 1845 πιεχθεῖσιν
1521 1762 1776 1841 μᾶλλον
1828 1767 1950 1823 τοῦ
2003 1767 2242 1842 καιροῦ
2272 1784 2321 1824 15

205 1867 315 1930 καὶ
363 1864 444 1931 ἐν
481 1866 740 1930 ἄλλοισι
790 1866 1093 1947 δεσμοῖσι
1129 1867 1453 1950 βιαίοισιν
1491 1863 2036 1950 ἀπομελανθέντα
2082 1864 2243 1929 ἀπο-

201 1975 433 2038 πίπτει
468 1975 797 2054 πολλοῖσι,
834 1971 946 2037 καὶ
984 1974 1047 2037 οἱ
1086 1971 1325 2038 πολλοὶ
1360 1975 1817 2057 περιγίνονται
1854 1982 1988 2038 τῶν
2023 1973 2243 2036 τοιού-

200 2104 357 2163 των,
400 2077 511 2143 καὶ
550 2070 687 2143 οἷσι
724 2088 940 2163 μηροῦ
978 2078 1176 2163 μέρος
1203 2103 1265 2142 τι
1297 2078 1649 2144 ἀποπίπτει
1678 2077 1788 2143 καὶ
1816 2089 1951 2144 τῶν
1979 2088 2243 2164 σαρκῶν

199 2184 310 2251 καὶ
359 2194 484 2249 τοῦ
532 2184 767 2250 ὀστέου
812 2184 923 2249 καὶ
971 2176 1107 2249 οἶσι
1162 2186 1549 2270 βραχίονος,
1605 2186 1907 2269 ἡσσόνως
1953 2184 2059 2250 δέ·
2123 2188 2242 2268 πή-

200 2315 349 2376 χεος
400 2287 475 2356 δὲ
521 2290 631 2355 καὶ
677 2294 928 2374 κνήμης
964 2291 1429 2374 ἀποπεσούσης
1473 2289 1583 2355 καὶ
1630 2293 1726 2354 ἔτι
1774 2290 2246 2376 εὐφορωτέρως
2273 2316 2325 2356 20

353 2489 383 2536 1
426 2481 616 2550 ἀρκέει
644 2482 752 2536 ΒΓ
846 2491 958 2536 τῶν
986 2482 1257 2536 τοιούτων
1291 2526 1301 2534 .
1336 2525 1345 2534 .
1382 2525 1390 2535 .
1424 2481 1619 2537 ὀστέου
1649 2485 1722 2552 (p.
1754 2488 1873 2547 222,
1895 2484 1949 2550 8)
1988 2499 2093 2535 om.
2130 2486 2178 2534 Γ

201 2561 233 2607 2
270 2553 346 2608 τὰ
387 2570 493 2607 om.
525 2553 570 2605 B
644 2550 756 2617 ἴξιν
784 2554 835 2606 V
943 2559 974 2605 3
1015 2553 1128 2607 ἐστὶ
1164 2553 1285 2606 MV
1394 2561 1427 2606 4
1466 2551 1599 2606 ὅσον
1637 2552 1708 2606 τὰ
1745 2573 1794 2605 κ.
1833 2553 1879 2605 Β
2000 2558 2031 2605 5
2070 2573 2241 2605 κατα·

197 2623 448 2696 ταγέντα
486 2625 556 2690 Β,
605 2622 917 2693 κατεαγότα
953 2623 1074 2677 MV
1193 2620 1377 2694 ἐξίσχη
1415 2623 1461 2675 Β
1578 2623 1642 2677 τὸ
1682 2641 1787 2677 om.
1827 2624 1872 2675 B
2018 2629 2050 2675 6
2091 2624 2241 2677 ἐστὶν

200 2696 320 2767 ἐμβ.
363 2694 485 2762 MV
667 2700 697 2747 7
745 2691 873 2748 κατ’
915 2693 1109 2762 ἄρθρα
1154 2694 1200 2747 Β
1382 2700 1413 2746 8
1463 2697 1594 2748 ante
1650 2693 1833 2766 κνήμῃ
1889 2694 2016 2748 add.
2074 2701 2140 2764 τῇ
2196 2693 2243 2746 Β

271 2785 354 2835 πη
396 2782 480 2820 εσι
508 2766 553 2817 Β
662 2771 710 2819 9.
744 2770 810 2818 10
847 2762 1206 2836 πλείστοισι(ν
1235 2765 1363 2819 add.
1385 2764 1491 2834 Μ’)
1520 2764 2084 2834 ἀποκοπτομένοισι(ν
2113 2765 2240 2819 add.

199 2837 310 2905 Μ’)
351 2787 471 2889 ΒΜ
580 2842 642 2888 11
682 2854 1090 2904 τεταρταιοισιν
1127 2839 1181 2906 (ν
1210 2836 1339 2889 add.
1369 2835 1474 2904 Μ’)
1512 2836 1631 2890 MV
1704 2837 1829 2890 οὖσι
1857 2836 1902 2889 Β
1976 2836 2093 2900 ξυν.
2125 2836 2245 2889 MV

275 2913 347 2961 18
388 2904 855 2975 ἀποσφακελίξιες
891 2907 953 2973 Β,
993 2907 1143 2976 -ξηες
1179 2907 1230 2960 V
1338 2907 1619 2975 τρώμασιν
1656 2907 1776 2961 MV
1915 2913 1982 2960 14
2019 2905 2243 2976 γενομέ·

200 2979 415 3045 νοισι(ν
455 2978 582 3030 add.
622 2977 728 3046 Μ’)
765 2978 881 3030 ΒΜ
952 2979 1428 3048 ἀποσφιγχθεϊσιν
1467 2977 1704 3047 ἰσχυρῶς
1739 2978 1891 3045 Litt„
1929 2997 2058 3048 γενο
2101 2976 2243 3032 ένων

200 3045 603 3117 ἀποσφιγξίων
642 3048 883 3118 ἰσχυρῶν
921 3048 1067 3102 Erm.
1107 3066 1209 3117 pro
1247 3046 1282 3115 ἢ
1321 3048 1532 3116 ἀποσφ.
1574 3049 1676 3119 ἰσχ.
1775 3048 1785 3058 ”
1826 3055 1892 3102 15
1931 3068 2037 3102 κατ
2074 3067 2244 3119 γμασι

200 3120 325 3174 MV
435 3121 566 3187 post
602 3117 832 3187 κατήγμ.
872 3119 998 3172 add.
1039 3117 1387 3189 γενομένοισι
1423 3119 1544 3172 MV
1659 3124 1944 3190 πιεχθεῖσι
1981 3120 2103 3174 MV

204 3197 272 3244 16
313 3188 728 3259 ἀποληφθέντα
764 3206 866 3257 pro
903 3190 1130 3258 ἀπομελ.
1160 3189 1280 3242 MV
1429 3195 1492 3242 19
1532 3191 1639 3260 βρα
1679 3187 1833 3253 ίονος
1868 3186 2040 3258 ἧσσον
2079 3192 2154 3254 ὡς
2182 3191 2243 3245 δὲ

203 3262 300 3316 ἐπὶ
339 3258 548 3330 πήχεός
582 3279 642 3314 τε
678 3261 777 3314 καὶ
813 3281 897 3314 κν.
936 3261 1008 3326 Β,
1046 3257 1349 3343 βραχίονος
1385 3254 1559 3326 ἧσσον
1598 3263 1634 3314 ὃ
1688 3260 1907 3331 πήχεώς
1942 3280 2002 3316 τε
2030 3262 2128 3315 καὶ
2156 3282 2241 3315 κν.

201 3330 357 3396 MV,
397 3330 908 3400 interpunctionem
943 3332 1194 3385 restitum
1222 3331 1375 3397 Litt„
1405 3329 1657 3399 ἡσσόνως
1694 3334 1752 3385 et
1779 3331 1985 3402 πήχεος
2022 3331 2085 3388 δὲ
2122 3331 2244 3399 ipse

203 3401 427 3457 correxi
572 3407 641 3454 20
679 3401 1064 3466 ἀποπεσόντος
1100 3403 1143 3455 Β
1244 3403 1344 3455 καὶ
1382 3403 1513 3455 ante
1552 3402 1631 3456 ἔτι
1670 3402 1774 3455 del.
1815 3402 1961 3455 Erm.
2074 3399 2244 3469 εὐφό-

203 3470 475 3541 ρωτέροις
511 3472 583 3538 Β,
624 3470 878 3539 εὐφόρως
912 3473 1032 3526 MV
