2588 3876
523 133 696 184 ΠΕΡΙ
729 131 1018 184 ΑΡΘΡῼΝ
1054 132 1413 183 ΕΜΒΟΛΗΣ
1453 136 1535 185 16.
1577 136 1658 185 17.
1701 136 1766 185 18
2036 132 2158 196 141

168 307 259 368 τις
296 294 465 378 παρὰ
510 295 624 371 τὰς
665 294 954 380 πλευρὰς
997 291 1557 379 παρατεταμένον,
1613 293 1649 359 ὁ
1696 294 1772 360 δὲ
1819 295 2041 381 ἰητρὸς
2083 304 2162 381 τῇ

169 399 279 480 μὲν
327 397 505 485 ἑτέρῃ
559 402 730 485 χειρὶ
784 397 851 477 ἐς
904 401 1028 484 τὴν
1067 397 1076 486 Ι
1116 401 1416 485 κεφαλὴν
1477 409 1598 465 τοῦ
1644 403 1999 486 βραχίονος
2053 399 2269 486 §pt-130

162 507 406 587 βάλλων
446 507 521 572 τὸ
568 506 781 593 θέναρ
818 516 934 590 τῆς
978 507 1194 592 χειρὸς
1229 504 1556 590 ἀπωθέοι,
1603 516 1681 593 τῇ
1730 507 1805 572 δὲ
1849 507 2034 595 ἑτέρῃ
2079 510 2162 574 τὰ

161 612 337 678 ὀστέα
390 615 468 679 τά
526 617 885 697 κατεηγότα
943 614 1296 692 εὐθετίζοι·
1355 614 1565 691 οὕτως
1618 612 1703 679 ἂν
1756 615 2038 697 μάλιστα
2096 614 2165 693 ἐς

160 720 268 803 τὴν
323 721 529 804 φύσιν
575 721 743 805 ἄγοι.
817 720 1028 806 ἀτάρ,
1080 720 1298 805 ὥσπερ
1338 722 1462 804 ἤδη
1514 726 1793 807 εἴρηται,
1856 722 1937 787 οὐ
1989 722 2161 806 μάλα
2204 746 2229 788 5

159 826 224 891 τὸ
266 828 528 892 ἄνωθεν
574 826 805 893 ὀστέον
850 825 919 904 ἐς
960 827 1035 892 τὸ
1081 827 1255 892 κάτω
1304 830 1488 911 φιλεῖ
1529 827 1914 894 ὑποδύνειν.
1985 839 2162 894 τοῖσι
2193 841 2218 848 ‘

157 929 267 1014 μὲν
299 928 422 998 οὖν
455 936 845 1017 πλείστοισι,
882 934 1044 999 ὅταν
1088 931 1513 1017 ἐπιὸεθῶσιν,
1549 934 1624 998 τὸ
1664 943 1878 1019 σχῆμα
1914 935 2165 1021 ἀρήγει,

158 1038 291 1126 παρ’
336 1041 536 1117 αὐτὰς
581 1041 697 1117 τὰς
739 1041 1028 1126 πλευράς
1071 1041 1191 1105 τὸν
1227 1039 1494 1125 ἀγκῶνα
1539 1041 1803 1125 ἔχοντα,
1851 1042 2065 1119 οὕτως
2099 1040 2167 1120 ἐς

161 1147 222 1210 τὸ
256 1147 386 1212 ἀνω
423 1148 547 1213 τὸν
584 1142 766 1229 ὦμον
803 1146 1303 1229 ἀναγκάζεσθαι.
1395 1148 1580 1213 ἔστιν
1617 1144 1692 1212 δὲ
1729 1139 1865 1213 οἶσι
1891 1148 2013 1230 μὲν
2048 1149 2167 1214 τὸν

161 1247 319 1334 ὦμον
363 1254 754 1337 ἀναγκάζειν
799 1256 902 1319 δεῖ
955 1251 1025 1330 ἐς
1084 1253 1159 1318 τὸ
1208 1255 1375 1337 ἄνω,
1436 1254 1525 1331 ὡς
1579 1255 1860 1339 εἴρηται,
1919 1255 2042 1320 τὸν
2086 1255 2164 1321 δὲ
2192 1279 2244 1319 ιο

160 1357 405 1441 ἀγκῶνα
448 1361 619 1447 πρὸς
654 1361 729 1425 τὸ
776 1366 1027 1443 στῆθος
1070 1360 1420 1446 παράγειν,
1465 1361 1678 1446 ἄκρην
1714 1361 1790 1426 δὲ
1824 1362 1947 1445 τὴν
1981 1372 2168 1448 χεῖρα

157 1468 316 1551 παρὰ
369 1467 445 1531 τὸ
502 1467 838 1553 ἀκρώμιον
889 1476 1011 1532 τοῦ
1065 1464 1289 1549 ὑγιέος
1343 1466 1525 1549 ὤμου
1584 1473 1813 1552 ἴσχειν.
1907 1470 1991 1554 ἢν
2044 1465 2167 1551 μὲν

159 1566 271 1637 οὖν
311 1579 747 1639 κατακεῖσθαι
791 1578 1028 1659 τολμᾷ,
1084 1571 1560 1658 ἀντιστήριγμά
1611 1596 1676 1638 τι
1729 1574 2167 1657 προστιθέναι

161 1683 295 1765 χρή,
348 1683 439 1758 ὡς
485 1679 571 1746 ἀν
618 1680 654 1746 ὁ
711 1675 885 1762 ὦμος
931 1679 1238 1745 ἀνωτάτω
1283 1672 1354 1763 ᾗ·
1409 1678 1493 1763 ἣν
1539 1679 1613 1743 δὲ
1656 1683 1906 1766 περιίῃ,
1964 1698 2166 1765 σφεν-

160 1784 343 1871 δόνην
385 1789 513 1873 χρὴ
561 1784 636 1851 ἐκ
665 1788 933 1870 ταινίης
975 1783 1128 1871 περὶ
1173 1786 1247 1850 τὸ
1296 1783 1415 1863 ὀξὺ
1461 1794 1582 1851 τοῦ
1629 1784 1925 1869 ἀγκῶνος
1968 1789 2156 1871 ποιή-
2189 1812 2240 1852 15

157 1906 346 1959 σαντα
388 1893 884 1978 ἀναλαμβάνειν
926 1894 1077 1979 περὶ
1121 1892 1242 1958 τὸν
1288 1891 1551 1977 αὐχένα.

296 2002 398 2066 17.
455 1999 784 2084 Ἀγκῶνος
830 2000 907 2069 δὲ
960 2001 1222 2086 ἄρθρον
1265 1998 1690 2084 παραλλάξαν
1740 2000 1864 2083 μὲν
1915 1999 1957 2085 ἢ
2003 2001 2170 2087 πρὸς

162 2109 440 2193 πλευρὴν
487 2107 529 2191 ἢ
575 2104 729 2191 ἔξω,
784 2105 1099 2191 μένοντος
1151 2115 1273 2172 τοῦ
1321 2105 1502 2184 ὀξέος
1545 2116 1666 2172 τοῦ
1713 2106 1788 2173 ἐν
1831 2115 1922 2195 τῷ
1967 2109 2168 2196 κοίλῳ

159 2222 264 2277 τοῦ
327 2216 714 2300 βραχίονος,
788 2211 856 2290 ἐς
928 2214 1101 2279 εὐθὺ
1174 2215 1645 2305 κατατείναντα
1714 2215 1794 2278 τὰ
1865 2212 2170 2300 ἐξέχοντα

160 2315 445 2386 ἀπωθεῖν
489 2320 699 2385 ὀπίσω
746 2320 854 2384 καὶ
902 2317 969 2395 ἐς
1012 2320 1086 2383 τὸ
1139 2319 1441 2402 πλάγιον.
2198 2347 2249 2386 20

296 2428 397 2492 18.
494 2428 587 2492 Τὰ
663 2426 738 2491 δὲ
807 2424 1041 2502 τελέως
1117 2424 1401 2510 ἐκβάντα
1470 2425 1512 2511 ἢ
1591 2428 1763 2492 ἔνθα
1836 2426 1878 2510 ἢ
1958 2428 2164 2510 ἔνθα,

293 2625 321 2672 1
372 2618 401 2674 ὁ
443 2620 505 2676 δὲ
545 2661 557 2674 .
588 2662 602 2675 .
634 2661 645 2672 .
686 2618 901 2688 εἴρηται
938 2621 1047 2689 (10)
1095 2636 1200 2672 om.
1253 2623 1308 2673 Γ
1444 2625 1493 2672 2.
1532 2625 1563 2672 3
1621 2619 1871 2690 ἐμβαλὼν
1907 2619 2029 2673 MV

161 2692 189 2739 3
232 2686 286 2742 δ’
335 2690 459 2746 MV
602 2696 635 2743 4
685 2689 756 2744 τὰ
798 2691 929 2758 post
975 2689 1137 2744 ὀστέα
1184 2707 1254 2744 ss,
1292 2689 1345 2744 V
1488 2694 1518 2742 5
1576 2685 1638 2744 εὖ
1691 2707 1793 2759 pro
1840 2690 1907 2743 οὐ
1952 2689 2169 2758 B¹MV‚

162 2758 222 2813 οὗ
256 2777 324 2815 ss,
362 2761 454 2829 13⁸,
505 2778 574 2816 ex
611 2778 714 2815 em.
755 2778 857 2815 scr.
905 2761 1037 2814 Litt.
1166 2764 1371 2831 μᾶλλον
1407 2761 1452 2814 Β
1599 2765 1630 2813 6
1687 2759 1865 2831 φιλέει
1902 2761 2062 2815 codd.

159 2833 189 2880 7
225 2830 558 2887 πλείστοισιν
594 2832 741 2885 M’V
814 2833 1119 2888 ἐπιδεθῶσι
1154 2832 1274 2885 MV
1407 2838 1438 2885 9
1480 2831 1592 2886 ἔστι
1629 2831 1749 2887 MV
1883 2837 1951 2885 10
1988 2831 2169 2901 ὥσπερ

163 2898 273 2977 MV
382 2909 448 2958 12
481 2904 623 2975 ἰσχει
654 2906 708 2956 Γ
771 2900 841 2971 ἢν
863 2946 875 2957 .
899 2946 909 2957 .
933 2946 944 2957 .
966 2901 1119 2973 μένει
1156 2906 1222 2973 (c.
1254 2909 1322 2957 29
1353 2904 1509 2972 extr.)
1539 2920 1645 2957 om.
1667 2907 1722 2958 Γ
1825 2908 1890 2957 13
1919 2902 2168 2960 κατακέε.

159 3005 269 3061 MV
340 3010 403 3082 ἔῃ
442 3009 563 3064 MV
725 3014 793 3062 14
829 3007 1044 3079 περιείη
1080 3009 1200 3063 MV
1363 3014 1429 3062 15
1468 2994 1717 3078 ἐκῆινεης
1751 3009 1803 3063 V
1939 3015 2005 3064 16
2042 3014 2173 3080 post

161 3078 273 3150 αὒχ.
302 3081 430 3134 add.
460 3101 532 3135 τα
569 3097 773 3135 εωστον
809 3081 1035 3150 puncssis
1074 3080 1482 3134 circumdatum
1509 3082 1555 3135 B
1591 3136 1594 3141 ,
1657 3086 1722 3135 17
1760 3100 1889 3148 περι
1920 3081 2174 3151 ἀγκωνος

158 3147 239 3203 tit.
274 3151 390 3205 BM
479 3153 733 3222 ἀγκῶνος
754 3195 764 3206 .
789 3195 800 3206 .
824 3194 834 3204 .
856 3151 1010 3222 μένει
1046 3154 1112 3221 (ο.
1144 3157 1210 3204 29
1247 3152 1408 3221 extr.)
1445 3153 1776 3222 repetuntur
1810 3152 1872 3205 in
1906 3152 2172 3208 Mochlici

162 3235 272 3289 cap.
307 3228 476 3277 7-19
490 3265 504 3290 ‚
552 3223 749 3277 eadem
788 3222 978 3291 capita.
1013 3240 1126 3277 non
1164 3224 1293 3276 sunt
1329 3223 1390 3275 in
1428 3224 1827 3278 commentario
1866 3222 2067 3278 Galeni

158 3295 483 3361 παραλαξαν
510 3294 556 3346 Β
634 3292 1061 3362 παραλλάξομεν
1097 3310 1199 3362 pro
1227 3312 1358 3362 παρ.
1390 3294 1490 3362 μὲν
1517 3296 1621 3364 Ap.
1698 3296 1830 3349 ante
1865 3294 2006 3363 πρὸς
2042 3294 2169 3349 add.

160 3368 568 3434 παραρθρῆσαν
608 3365 784 3430 codd„
825 3382 930 3419 om.
969 3364 1091 3433 Ap„
1130 3364 1353 3431 Mochl.‚
1391 3364 1537 3418 Erm.
1695 3371 1760 3419 19
1817 3366 1874 3428 ἐς
1910 3382 2015 3419 om.
2054 3366 2100 3417 Β

160 3431 219 3486 τὸ
255 3433 441 3525 ἐξέχον
478 3435 599 3490 MV
751 3442 820 3490 20
868 3432 1074 3510 ὀπίσσω
1112 3436 1157 3488 Β
1303 3441 1369 3488 21
1416 3439 1610 3500 τελεως
1645 3437 1768 3504 Ap„
1806 3433 1959 3497 -είως
1995 3436 2098 3488 cet.

161 3503 308 3570 prius
344 3527 380 3575 η
418 3524 523 3561 om.
562 3506 668 3576 Ap.
