2588 3876
549 153 721 202 ΠΕΡΙ
753 150 900 203 ΤΩΝ
936 153 1032 202 ΕΝ
1069 151 1404 201 ΚΕΦΑΛΗΙ
1438 151 1828 203 ΤΡΩΜΑΤΩΝ
1875 156 1940 202 21
2180 150 2264 213 29

225 316 512 398 πρίονα,
558 314 812 394 θαμινὰ
857 314 1296 394 σκοπεύμενος
1339 313 1448 376 καὶ
1493 319 1851 399 πειρᾶσθαι
1897 312 2266 379 ἀνακινέων

227 421 311 484 τὸ
347 418 581 485 ὀστέον
619 416 628 506 Ι
670 417 1086 502 ἀναβάλλειν,
1133 417 1400 502 ἀφελὼν
1438 418 1512 483 δὲ
1547 420 1628 483 τὰ
1664 420 1861 484 λοιπὰ
1889 420 2235 506 ἰητρεύειν,
2267 440 2371 488 260

230 527 330 604 ὡς
349 525 435 592 ἂν
454 527 613 610 δοκῇ
644 524 1010 611 συμφέρειν
1036 533 1127 612 τῷ
1158 524 1330 590 ἕλκει
1357 526 1523 611 πρὸς
1548 527 1623 590 τὸ
1653 527 2010 610 γινόμενον
2038 526 2266 611 ὁρέων.

374 633 509 697 Καὶ
553 632 639 715 ἢν
685 631 750 709 ἐξ,
799 631 999 718 ἀρχῆς
1045 632 1269 715 λαβὼν
1314 633 1386 696 τὸ
1438 638 1592 716 ἴημα
1638 632 1874 697 αὐτίκα
1917 633 2127 718 βούλῃ
2167 631 2267 696 ἑκ-

231 742 480 825 πρίσας
523 740 597 803 τὸ
646 737 878 804 ὀστέον
923 737 1195 822 ἀφελεῖν
1240 738 1368 804 ἀπὸ
1414 747 1530 822 τῆς
1553 741 1910 822 ,μήνιγγος,
1958 739 2268 815 ὡσαύτως

232 847 365 932 χρὴ
409 845 656 910 πυκινά
700 868 772 910 τε
817 851 1211 910 σκοπεῖσθαι
1271 854 1350 930 τῇ
1405 846 1576 930 μήλῃ
1622 846 1745 929 τὴν
1787 846 2102 929 περίοδον
2146 854 2265 910 τοῦ

231 956 544 1040 πρίονος,
608 953 717 1017 καὶ
778 950 843 1028 ἐς
900 953 974 1016 τὸ
1036 952 1415 1036 παχύτατον
1479 953 1606 1016 αἰεὶ
1670 961 1788 1018 τοῦ
1853 950 2086 1043 ὀστέου
2149 951 2268 1016 τὸν

232 1062 483 1146 πρίονα
539 1058 939 1143 ἐνστηρίζειν
993 1059 1102 1123 καὶ
1156 1056 1524 1123 ἀνακινέων
1576 1059 1942 1141 βούλεσθαι
1997 1057 2268 1142 ἀφελεῖν

232 1167 315 1230 τὸ
364 1163 611 1231 ὀστέον.
692 1164 777 1248 ἢν
824 1166 897 1230 δὲ
941 1165 1251 1252 τρυπάνῳ
1299 1174 1442 1251 χρῇ,
1487 1165 1652 1251 πρὸς
1675 1180 1678 1184 ’
1698 1165 1771 1229 δὲ
1814 1166 1936 1248 τὴν
1979 1166 2267 1247 μήνιγγα

229 1274 329 1357 μὴ
379 1272 840 1355 ἀφικνεῖσθαι,
894 1270 980 1355 ἢν
1025 1268 1089 1348 ἐξ
1137 1270 1340 1357 ἀρχῆς
1385 1272 1739 1355 λαμβάνων
1793 1272 1865 1335 τὸ
1917 1276 2070 1355 ἴημα
2114 1293 2267 1356 τρυ-

232 1387 398 1465 πᾷς,
453 1376 592 1443 ἀλλ’
648 1377 973 1443 ἐπιλιπεῖν
1016 1387 1135 1443 τοῦ
1181 1377 1417 1443 ὀστέου
1463 1380 1721 1461 λεπτόν,
1777 1378 1993 1464 ὥσπερ
2039 1378 2147 1442 καὶ
2195 1376 2268 1441 ἐν

232 1494 321 1571 τῇ
370 1488 589 1571 πρίσει
636 1482 1009 1570 γέγραπται.

394 1682 419 1728 1
460 1677 725 1745 σκοπούμ.
765 1677 953 1744 codd„
1000 1676 1199 1745 scripsi
1227 1673 1486 1758 σκοπεόμ.
1633 1681 1663 1728 3
1704 1673 1869 1745 δοκέῃ
1898 1676 1965 1741 §v
2007 1695 2065 1744 φ.
2107 1675 2264 1729 codd.

360 1750 448 1802 ost
492 1746 636 1802 ἕλκει
680 1744 865 1817 fragm
867 1719 998 1801 cuia
1042 1747 1176 1801 libri
1221 1747 1322 1814 qui
1368 1749 1452 1802 cst
1503 1747 1573 1800 de
1625 1750 1753 1801 acre
1798 1763 1832 1799 a
1834 1764 1925 1814 q.u
1966 1696 2009 1799 ἵ
2056 1747 2268 1800 inserta

236 1820 319 1873 ha
364 1821 421 1872 et
458 1819 569 1872 duo
610 1817 682 1871 V.
732 1765 865 1873 ὅτι
850 1818 912 1873 τὸ
948 1819 1274 1891 παχύτατον
1312 1818 1436 1888 (vol.
1474 1817 1502 1870 I
1537 1820 1669 1888 48)
1748 1816 1944 1881 ,ἕλκος
1980 1815 2269 1887 ἐγγένηται

243 1894 320 1962 (Ρ.
357 1892 442 1960 51)
482 1892 540 1944 ct
573 1898 674 1946 τοῦ
712 1890 775 1945 δὲ
812 1899 1081 1962 χειμῶνος
1115 1901 1200 1960 ψν
1187 1898 1339 2015 (ἱροῦ
1380 1892 1451 1960 (Ρ.
1484 1892 1623 1960 35).
1702 1932 1711 1942 .
1703 1860 2045 1959 οὐρέουσιν
2092 1887 2147 1943 οἱ
2190 1890 2269 1942 λι-

236 1967 488 2024 θιῶντες
525 1963 601 2031 (p.
629 1965 747 2032 48),
792 1965 922 2031 post
956 1966 1071 2016 λιθ.
1111 1962 1184 2015 ad
1277 1962 1421 2028 πρὸς
1455 1961 1517 2016 τὸ
1555 1958 1850 2032 γινόμενον
1889 1958 2075 2029 ὀρρόν,
2119 1960 2269 2013 unde

236 2052 337 2100 πρ.
369 2053 415 2086 τ.
445 2054 493 2103 γ.
526 2032 672 2100 ὁρῶν
702 2036 823 2103 (scr
856 2030 1049 2103 ὁρέων)
1078 2033 1386 2087 vindicavit
1411 1983 1613 2103 Ilberg‚
1651 2031 1851 2086 Philol.
1880 2030 1950 2085 Ν.
1972 2032 2031 2084 F.
2052 2030 2145 2100 VI,
2164 2036 2270 2085 424

343 2111 424 2244 g4
452 2101 624 2157 Καὶ
593 2124 706 2172 ην.
750 2110 859 2157 .12
887 2102 1195 2187 γέγραπται
1224 2121 1329 2158 om.
1360 2104 1483 2158 MN
1609 2110 1640 2157 6
1672 2103 1774 2172 τὴν
1801 2103 1869 2170 V,
1908 2105 2004 2157 καὶ
2029 2119 2130 2172 pro
2167 2102 2270 2173 τὴν

343 2193 395 2244 g.
451 2178 540 2299 V'I
578 2175 669 2229 ἀεὶ
705 2146 771 2240 V,
811 2175 1010 2244 scripsi
1046 2175 1158 2230 αἰεὶ
1279 2179 1312 2228 8
1350 2176 1432 2245 ἀφ
1437 2173 1607 2231 ελέειν
1645 2174 1713 2240 V,
1752 2175 1951 2243 scripsi
1987 2178 2128 2230 -λεῖν

356 2245 589 2370 ρὴξῶ
585 2253 691 2369 ρΕῇ
681 2246 837 2300 Foco.
867 2246 998 2300 Litt.
1075 2245 1145 2315 δὴ
1173 2263 1274 2315 pro
1304 2245 1368 2301 δὲ
1396 2246 1557 2312 th„
1595 2245 1913 2315 probante
1896 2263 1956 2298 in
1983 2246 2269 2315 Epimetro

238 2174 456 2388 ἔ(ῙῙῙΙΙΞἾΟ
459 2267 609 2387 V117f1)
646 2317 984 2384 Ermerinsio
1164 2322 1230 2370 10
1277 2318 1360 2386 ἀφ
1365 2315 1653 2373 ικνέεσθαι
1688 2316 1756 2383 V,
1808 2315 2007 2386 scripsi
2052 2320 2271 2371 -εῑσθαι

352 2396 593 2457 τρυπαῖς
629 2387 696 2453 V,
743 2393 840 2462 -ᾇς
874 2388 1007 2442 Litt.
1036 2387 1182 2442 Erm.
1212 2388 1357 2442 th.
1519 2393 1583 2442 12
1621 2359 1756 2457 post,
1786 2385 2091 2457 γέγραπται
2139 2386 2266 2441 add.

238 2458 316 2529 ἢν
355 2460 411 2525 ἐξ
450 2460 630 2530 ἀρχῆς
665 2443 962 2530 λαμβάνων
997 2459 1059 2514 τὸ
1099 2459 1233 2529 ἰήμα
1268 2456 1539 2529 aclas-V

2321 767 2344 806 5

2299 1301 2348 1339 10
